4922 6304
560 555 945 670 menturae
984 578 1174 668 saca
1244 586 1342 664 co.
1376 589 1482 670 vm.
1620 593 1677 689 ει

283 797 346 886 tyr
363 793 467 858 tauto
485 781 599 858 etiam
623 782 709 884 plus
736 784 911 860 malorum
933 785 975 858 ia
994 775 1186 886 quemlibet
1202 787 1378 882 patravit
1401 777 1620 890 Heidreius,
1650 781 1742 864 tom

282 940 416 1022 qvoqve
435 905 607 992 Heroora
623 917 745 1022 magis
758 911 917 1009 diuitu-
948 940 1075 1005 verum
1089 941 1137 992 eu
1151 928 1259 990 etate
1275 930 1400 990 tenera
1409 937 1542 1019 parum
1565 923 1740 1024 egraffum

282 1047 500 1126 educendum
516 1049 613 1150 misit
625 1042 819 1150 Hofundus
834 1051 1039 1144 advirum,
1071 1053 1132 1126 cui
1155 1041 1302 1148 Gesturi
1318 1074 1442 1126 nomen
1451 1106 1463 1142 ,
1472 1053 1675 1154 sapientem
1696 1055 1743 1132 &-

282 1209 456 1288 magnum
470 1177 665 1277 athletam,
697 1180 752 1262 ibi
766 1184 870 1279 fidius
888 1177 1008 1287 Regis
1026 1183 1125 1284 apud
1137 1181 1240 1260 ilium
1258 1179 1494 1276 educabatur,
1527 1184 1634 1261 donec
1647 1186 1740 1263 deci·

282 1341 376 1392 mum
399 1317 563 1394 otiuuum
579 1339 712 1392 anuum
732 1320 854 1392 etatis
867 1326 1014 1418 ageret,
1039 1313 1085 1390 ὅθ’
1109 1311 1328 1413 omicsarias
1341 1332 1442 1392 artes
1456 1315 1501 1392 Ed
1516 1318 1741 1420 disciplinam

282 1451 476 1553 cquirom
483 1441 709 1547 perdidicit,
728 1463 833 1526 tauto
843 1448 1023 1548 preditus
1035 1459 1118 1523 erat
1135 1451 1295 1547 corporis
1307 1443 1449 1535 robore,
1466 1463 1510 1524 ut
1516 1467 1591 1550 par
1604 1452 1671 1552 ipfi
1683 1456 1739 1530 irc·

280 1583 470 1656 ueniretur
488 1603 599 1672 nemo,
613 1595 734 1656 tamea
748 1573 920 1678 Gifflcrei
934 1581 1084 1658 inomni
1102 1579 1372 1680 artesecuuduc.
1401 1581 1546 1657 eamdem
1560 1609 1645 1662 uero
1661 1590 1739 1662 aui·-

281 1717 334 1790 mi
340 1703 706 1791 indolemHeidrekus
714 1715 956 1792 continuavit.
1039 1707 1251 1820 Aliquando
1260 1705 1550 1814 RexHofundus
1567 1743 1740 1822 maguum

286 1839 451 1926 Gruada
462 1843 663 1927 celebrauit
681 1850 902 1937 coavivium,
916 1847 967 1922 ad
978 1847 1075 1952 qood
1077 1865 1246 1949 proceres
1262 1871 1382 1923 omnes
1404 1852 1538 1926 intuto
1555 1848 1738 1954 regao'iu·

280 1971 735 2078 vitavitnistHeidrekum
744 1973 1736 2087 Giſjuremqoealumaumfflutricium,idqoodHeidss

280 2111 364 2190 reko
372 2097 592 2216 frammopere
598 2114 800 2216 displicuit,
834 2112 1083 2219 &egregium
1100 2114 1206 2190 dixit
1222 2115 1300 2215 effe,
1319 2117 1362 2190 in
1378 2115 1461 2190 aula
1468 2120 1594 2216 patris
1614 2122 1738 2194 canui.

280 2250 383 2324 vium
403 2241 642 2344 debonestare,
676 2239 901 2348 Gifficreum
914 2237 973 2324 'ab
989 2241 1054 2325 dioc
1083 2241 1293 2342 dehortans,
1326 2247 1432 2327 aliud
1455 2253 1576 2355 magis
1604 2251 1738 2351 consul-¹

281 2390 359 2458 mem
376 2382 443 2482 effe
463 2381 583 2473 dixit,
623 2405 731 2488 qvam
753 2381 805 2458 ad
821 2381 998 2478 molestias
1011 2384 1121 2484 patri
1135 2381 1309 2469 creandas
1332 2382 1421 2484 ease
1446 2385 1634 2482 conferre,
1673 2380 1738 2461 bac

281 2529 402 2592 tamen
422 2541 493 2593 non
511 2511 667 2611 obstante
682 2517 719 2592 ei
735 2529 813 2592 tura
832 2517 909 2593 iter
920 2516 1038 2616 fecit,
1069 2516 1289 2622 offeruitqae
1309 2517 1400 2592 malo
1419 2516 1568 2620 quodam
1587 2517 1738 2614 illumse

280 2633 504 2744 affectatam.
532 2670 659 2724 aarum
675 2651 1053 2742 constitutocormiaio
1070 2647 1115 2724 Ψ
1131 2643 1334 2725 homiuibus
1345 2648 1400 2722 'ad
1410 2648 1675 2748 compotandum
1679 2647 1739 2747 se·

280 2775 467 2871 dentibus,
499 2771 705 2858 Heidrekus
712 2779 815 2874 filius
840 2773 961 2884 Regis
985 2780 1134 2856 intrans
1153 2808 1191 2857 eo
1216 2781 1387 2874 advenit,
1420 2803 1497 2886 qua
1525 2807 1584 2857 res
1605 2781 1736 2860 maltos

281 2915 373 2997 male
388 2915 535 3012 affecit,
568 2912 614 2992 δ’
629 2929 673 2991 ut
686 2915 806 2996 aulam
820 2917 1008 3008 intravit,
1030 2927 1180 3016 patrem
1201 2913 1630 3019 matremquesalutavit,
1647 2907 1735 2992 Rex

281 3071 359 3123 eum
373 3051 494 3121 miuus
515 3038 708 3136 hilariter,
747 3061 867 3121 mater
890 3071 1002 3121 ovam
1026 3047 1212 3122 admodum
1233 3051 1395 3149 excepit,
1424 3039 1632 3148 Argantyr
1648 3047 1735 3147 sur·

279 3163 371 3282 pens
389 3176 435 3253 ἔθ’
451 3149 592 3252 obviam
611 3181 648 3252 ei
657 3155 828 3276 prodiens
839 3181 886 3251 ¹in
899 3176 1014 3250 locum
1028 3168 1093 3255 iiii
1103 3182 1316 3277 proximum
1328 3154 1538 3279 perduxit,
1552 3171 1735 3262 horatium

279 3307 341 3388 ille
361 3311 584 3410 acceptavit,
617 3301 672 3383 ibi
702 3331 782 3382 cum
805 3305 943 3384 latitia
966 3324 1206 3412 compotatum
1236 3311 1293 3408 est.
1359 3305 1448 3388 Rex
1471 3301 1666 3409 Hofundus
1688 3312 1741 3388 ad

279 3443 459 3545 vesperam
478 3437 619 3518 moturi
634 3433 795 3516 cubitum
812 3443 909 3536 ivit,
940 3467 1011 3519 non
1025 3459 1109 3518 erat
1127 3435 1334 3520 Heidrekus
1361 3437 1493 3520 hilaris
1516 3442 1562 3520 θ’
1583 3437 1651 3520 hac
1675 3471 1733 3522 ue·

271 3577 384 3678 spera
399 3575 464 3652 diu
481 3574 533 3650 ad
544 3571 954 3672 compotandum-assedit
962 3602 980 3676 ,·
1001 3590 1110 3680 atque
1128 3573 1319 3679 aliquando
1342 3571 1493 3651 abeunte
1507 3568 1734 3679 Augantyre

279 3699 712 3806 Hetaekosfimo‘ceffle,
746 3700 791 3782 θ’
807 3707 849 3782 iu
859 3705 1009 3805 scamno
1024 3705 1201 3805 inferiore
1223 3707 1417 3806 confidem,
1449 3731 1530 3782 cum
1557 3705 1733 3808 virisfiii

1539 3824 1669 3919 proxi·

282 4181 376 4261 (115)
400 4175 465 4238 Hac
478 4176 611 4258 'periodo
631 4197 723 4259 usqve
745 4173 783 4238 ed
799 4179 894 4258 (nc)
918 4161 992 4234 cie?
1038 4163 1144 4266 (eeu)
1167 4171 1462 4258 petpeckisthenn,
1489 4173 1637 4254 adjiciunt
1647 4178 1679 4254 Β,
1689 4178 1729 4240 Κ.

326 4299 388 4344 tere
408 4298 518 4344 cerent-
1083 4275 1132 4337 sed
1147 4291 1209 4338 tote
1225 4275 1355 4356 sequenti
1369 4278 1495 4358 periodo
1510 4296 1613 4342 cetere
1628 4281 1730 4341 omnin

283 4391 338 4471 (11
351 4393 384 4466 u)
408 4388 465 4450 His
480 4384 600 4448 duobus
615 4384 784 4444 commotiis
799 4397 901 4445 caetero
926 4397 971 4441 co·
1082 4395 1183 4442 curent
1198 4398 1288 4460 usqve
1305 4379 1403 4460 ed(11
1415 4388 1464 4462 y).
1530 4441 1531 4446 ,

328 4508 409 4567 rent,
435 4490 552 4553 eddunt
567 4510 636 4552 vero
655 4492 687 4550 B.
698 4489 737 4550 K.
1036 4486 1093 4566 (11
1098 4489 1140 4561 y)
1163 4482 1235 4578 hee
1256 4481 1318 4544 duo
1343 4473 1506 4552 ¹commotio
1538 4485 1654 4551 addunt
1678 4509 1730 4553 ce·

205 4681 208 4690 1
283 4596 445 4680 (11o)his
475 4594 595 4660 duobus
620 4611 721 4658 terent
739 4594 842 4656 omnin
859 4607 972 4660 cetere.
1046 4653 1062 4690 Ι,
1083 4604 1152 4650 tere.

1009 4749 1040 4824 L
