4858 6274
825 541 921 651 216
1037 535 1418 630 HERVARAR
1449 532 1647 624 SAGA
1710 537 1856 617 xvln
1900 537 2002 620 er.

762 733 914 833 a‘attum,
946 735 1002 820 ok
1033 733 1086 844 pri
1120 737 1218 815 kom
1250 729 1343 831 ira,
1375 752 1414 814 at
1446 731 1553 812 hann
1585 727 1700 826 hafdi¹
1727 729 1816 810 ecki
1849 726 1959 808 farra
1990 723 2099 822 folk,
2138 731 2222 804 erin

763 877 779 948 i
812 866 953 973 fyrstu,
985 866 1084 950 vard
1116 896 1171 947 nu
1207 868 1363 950 ocustan
1395 893 1475 948 enn
1507 863 1661 948 rikafari
1692 891 1774 945 enn
1807 860 1910 970 fyrr,
1942 887 2046 946 voru
2079 861 2222 939 Hunar

761 999 903 1096 a‘akafir,
946 1001 1000 1080 ok
1041 999 1107 1082 sain
1150 1017 1260 1110 pann
1301 1000 1384 1080 lino
1428 999 1536 1092 kost;
1581 1021 1620 1078 at
1652 997 1694 1078 su
1727 1001 1793 1076 ein
1826 1024 1897 1078 var
1929 992 1997 1074 lrfs
2030 1019 2137 1087 von,
2180 989 2225 1071 ef

761 1136 853 1240 peir
885 1131 1076 1241 figrudust
1108 1138 1168 1240 ei,
1202 1136 1256 1214 ok
1287 1135 1350 1214 illt
1382 1132 1524 1214 mundi
1556 1130 1649 1240 gdta
1682 1159 1752 1211 um
1785 1126 1873 1236 grid
1907 1151 1945 1208 at
1977 1124 2107 1222 bidia,
2148 1122 2221 1232 go-

765 1286 823 1346 tat
871 1265 1000 1349 vordu
1034 1265 1139 1349 frelsr
1171 1268 1231 1349 fitt
1263 1270 1317 1350 ok
1349 1265 1474 1350 fdstut
1506 1265 1600 1375 jbrd
1631 1263 1728 1372 fyrir
1760 1257 2110 1380 Hunumnstodu
2143 1265 2222 1367 pvi

764 1397 837 1480 fast
869 1401 925 1486 ok
956 1401 1117 1511 eggiadi
1149 1404 1258 1486 hvbr
1287 1429 1471 1498 annann,
1503 1399 1556 1510 pai
1588 1397 1693 1481 aileid
1726 1397 1897 1506 daginn,
1929 1392 2076 1503 gibrdu
2109 1391 2221 1501 gricas

767 1554 965 1644 atgaungu
999 1535 1069 1620 sva
1110 1534 1252 1634 harda,
1289 1557 1327 1616 at
1366 1535 1522 1644 fylking
1559 1539 1681 1615 Huna
1714 1528 1898 1638 svignadi
1939 1527 2056 1633 fyrir,
2093 1528 2147 1608 ok
2179 1553 2222 1606 ec

767 1669 979 1778 Angantyr
1012 1668 1051 1752 sa
1080 1686 1173 1782 pat,
1202 1669 1306 1782 geck
1333 1671 1445 1782 ¹hann
1483 1669 1632 1752 framm
1670 1665 1716 1748 tir
1755 1663 1881 1746 ikiald
1924 1662 2136 1771 borginni,
2167 1661 2221 1739 ok

2011 1795 2157 1878 ibad-

764 2005 1307 2028 *μη-ι...-

811 2113 953 2190 pralium
970 2116 1130 2194 eqvitantes
1155 2115 1288 2176 inibant.
1313 2112 1383 2175 dein
1400 2115 1462 2192 gla-
1573 2113 1678 2173 multa
1692 2111 1755 2190 jam
1774 2108 1870 2171 crassa
1889 2110 1978 2190 galea
2000 2105 2070 2170 sunt
2092 2106 2219 2182 discissa,

811 2213 882 2276 dios
909 2219 1089 2280 intentantes
1120 2217 1267 2280 decertare
1301 2235 1461 2298 caperunt,
1577 2219 1677 2280 loricae
1706 2214 1834 2276 robustae
1863 2213 2041 2286 dilaceratae,
2072 2213 2222 2276 numerosa

814 2339 962 2395 necerat,
987 2323 1067 2404 qvod
1084 2325 1220 2384 ullorum
1237 2323 1280 2384 ibi
1297 2324 1406 2386 animis
1417 2323 1463 2382 sti·
1575 2321 1688 2384 ibidem
1704 2323 1812 2400 eqvites
1833 2317 1998 2390 transfossi,
2034 2317 2220 2400 equqvefine

812 2426 891 2485 muli
920 2425 1120 2500 adderentur,
1158 2429 1220 2504 jam
1247 2428 1367 2488 Hlb'dus
1389 2447 1462 2508 eqvo
1578 2425 1682 2487 seffore
1697 2445 1767 2486 cum
1781 2422 1922 2504 ephippio
1944 2439 2093 2484 currentes
2114 2419 2217 2502 specia-

814 2531 912 2591 veiius
929 2532 1197 2612 prodiensprimus
1214 2534 1246 2594 in
1260 2534 1322 2593 acie
1337 2531 1462 2593 suorum
1576 2533 1705 2603 bantnr,
1730 2545 1796 2590 tum
1810 2531 1898 2590 etiam
1914 2529 1972 2589 tela
1985 2526 2126 2608 hastaque
2146 2527 2217 2589 ndeo

816 2640 917 2714 copias
940 2639 1077 2717 uirinqve
1108 2652 1143 2697 ut
1171 2637 1217 2698 leo
1243 2635 1463 2702 furentiffimus

814 2737 963 2812 concidit,
985 2756 1015 2801 at
1026 2741 1080 2801 ubi
1100 2742 1133 2802 in
1156 2739 1277 2804 densam
1297 2742 1393 2802 aciem
1417 2743 1463 2804 in·

729 2839 732 2844 ’
815 2841 941 2916 ridebat,
957 2845 999 2906 ibi
1013 2846 1083 2906 viris
1093 2843 1181 2907 fimul
1195 2843 1356 2906 duodecim
1365 2864 1463 2906 unum

815 2947 908 3009 idum
925 2951 1049 3011 laetaiem
1062 2951 1184 3024 intulit,
1209 2967 1293 3032 atqve
1305 2951 1463 3028 jammul-

817 3054 840 3112 ti
858 3055 961 3114 timere
975 3072 1125 3136 caperunt
1141 3054 1308 3120 dictitantes
1323 3058 1357 3116 in
1383 3076 1462 3116 exer·

813 3157 876 3218 citu
892 3160 918 3218 ei
942 3178 1043 3238 parem
1067 3159 1121 3220 effe
1143 3163 1315 3232 neminem,
1353 3159 1391 3222 ad
1407 3160 1463 3220 hu·

818 3281 917 3322 meros
931 3281 1021 3344 usqve
1035 3261 1157 3323 brachia
1180 3262 1322 3344 sangvine
1345 3262 1465 3347 perfusa

818 3366 956 3445 gerebat,
995 3385 1200 3452 necunquam
1226 3369 1265 3430 ab
1289 3368 1353 3430 hoe
1369 3371 1465 3450 praeli·

727 3533 730 3542 λ
815 3468 887 3530 andi
901 3469 995 3532 modo
1017 3469 1142 3546 destitit,
1168 3492 1258 3555 usqve
1279 3473 1354 3534 dum
1375 3477 1465 3536 meri·

814 3573 878 3636 dies
895 3577 1031 3640 instabat.
1078 3578 1139 3641 Rex
1155 3580 1289 3640 Humlus
1304 3579 1337 3638 in
1357 3579 1464 3640 exerci-

814 3697 848 3742 tu
864 3685 1051 3748 Hunnorum
1069 3683 1136 3763 post
1153 3683 1290 3746 Hlbdum
1307 3669 1464 3746 fo‘rtiffrme

813 3788 985 3864 pugnabat,
1011 3807 1066 3847 nec
1081 3789 1154 3860 ulli,
1180 3789 1228 3848 cui
1247 3787 1352 3868 gladio
1371 3789 1464 3849 icium

813 3887 924 3948 inferre
948 3873 1104 3968 potuerat,
1137 3889 1200 3969 spes
1228 3893 1291 3952 ulla
1316 3892 1382 3950 vitae
1405 3889 1464 3954 fuit

816 3994 944 4074 teliqva3
968 3993 1018 4060 sed
1032 3996 1065 4056 in
1080 3996 1232 4056 Gotorum
1249 3997 1380 4056 exercitu
1399 3999 1463 4057 An·

815 4117 943 4180 ganryr,
970 4102 1144 4181 Herlaugus
1162 4099 1194 4164 ἃ
1209 4099 1308 4162 Giffur
1323 4099 1409 4161 senex
1416 4122 1463 4162 ex·

812 4205 1015 4268 cellentiffime
1038 4213 1070 4270 in
1094 4209 1154 4268 acie
1170 4206 1367 4279 dimicarunt;
1396 4211 1462 4270 An·

815 4326 927 4390 gantyr
949 4309 1112 4372 identidem
1131 4331 1196 4373 utro
1217 4314 1278 4376 ictu
1300 4311 1461 4374 duodecim

812 4415 988 4496 prostravit,
1025 4415 1165 4497 fiqvidem
1201 4417 1274 4478 adeo
1309 4417 1462 4482 confertos

813 4520 992 4584 offendisset.
1039 4523 1154 4582 Fratres
1175 4523 1207 4584 in
1229 4525 1332 4604 pralio
1354 4523 1461 4603 sapius

814 4622 895 4685 adse
911 4621 1099 4704 respicientes
1120 4629 1275 4708 eqxovesti
1298 4626 1326 4688 se
1342 4647 1469 4708 praten,

812 4727 915 4800 ibant,
945 4748 984 4788 ne
1008 4728 1080 4789 ailter
1110 4733 1252 4812 aiterum¹
1272 4731 1440 4794 adoriretur
1447 4753 1458 4806 3

1574 2633 1664 2698 dense
1677 2634 1859 2706 volitabant,
1885 2653 1922 2694 ne
1936 2631 1981 2694 sot
1992 2631 2218 2714 conspiceretur,

1573 2756 1753 2802 tantusvero
1763 2757 1920 2800 armorum
1936 2739 2068 2818 crepitus
2080 2737 2219 2820 staepebat

1577 2867 1614 2908 ne
1628 2847 1708 2926 qvis,
1733 2842 1813 2924 qvod
1828 2844 1901 2904 alter
1922 2843 2118 2924 loqvebatur,
2138 2844 2220 2906 intel·

1574 2952 1700 3032 ligeret,
1726 2951 1790 3030 jam
1811 2949 1907 3010 multa
1928 2946 2028 3009 subito
2052 2964 2218 3022 evenerunt,

1574 3055 1646 3118 licet
1657 3053 1707 3116 hic
1721 3073 1816 3134 pauca
1825 3051 1880 3114 {int
1895 3055 2003 3127 related,
2027 3056 2089 3116 iam
2107 3057 2140 3116 in
2151 3075 2220 3136 prar-
2327 3073 2329 3076 ·

1577 3163 1621 3222 lio
1637 3159 1665 3221 se
1681 3157 1883 3230 offendentes,
1909 3159 1968 3220 Rex
1981 3162 2115 3222 Humlus
2125 3160 2220 3223 &Or-

1576 3285 1646 3326 mus
1659 3266 1752 3348 armis
1773 3261 1802 3324 se
1817 3264 1922 3338 acriter
1936 3265 2093 3342 petebant,
2118 3281 2149 3326 at
2162 3269 2220 3326 exi·

1576 3385 1625 3432 tus
1638 3372 1681 3431 rei
1694 3373 1720 3432 is
1738 3385 1816 3442 erat,
1846 3384 1881 3430 ut
1904 3372 2028 3431 Ormus‘
2042 3370 2220 3450 procumbe-

1578 3489 1622 3536 ret
1640 3476 1801 3537 exanimis.
1825 3474 1884 3536 hoc
1899 3474 2001 3538 ridens
2017 3473 2116 3536 Giiius
2125 3475 2219 3550 senex,

1579 3579 1654 3658 Regi
1668 3581 1786 3640 Humlo
1801 3581 1893 3641 icium
1908 3582 2035 3654 inflixit,
2060 3579 2179 3661 gladius
2189 3583 2220 3644 in

1577 3682 1740 3746 humerum
1755 3683 1890 3746 incidens
1905 3705 2029 3746 manum
2047 3705 2117 3747 cum
2132 3689 2219 3748 latere

1577 3789 1721 3862 abscidit,
1745 3805 1811 3850 tum
1837 3791 1896 3852 Rex
1917 3789 2074 3853 exstinftus
2095 3791 2216 3872 proster-

1568 3896 1680 3966 nitur,
1703 3894 1762 3956 hoc
1777 3894 1856 3957 videt
1868 3894 1989 3956 Hlb'dus
2015 3893 2103 3960 &ad
2125 3896 2218 3959 Ginn-

1578 4019 1640 4060 rem
1657 4020 1730 4082 eqvo
1743 4003 1840 4063 vetius
1862 4002 1932 4083 totis
1947 4002 2059 4064 viribus
2080 4004 2172 4064 ictum
2192 4005 2219 4064 ei

1577 4105 1691 4186 infligit
1706 4103 1738 4166 δι
1759 4121 1866 4184 caput,
1891 4107 2033 4180 loricam,
2055 4125 2217 4188 corpusque

1576 4209 1752 4292 ephippium
1767 4229 1928 4292 eqvumqve
1945 4233 1997 4292 per
2010 4211 2145 4274 medium
2166 4211 2217 4274 fin·

1577 4316 1636 4386 dit,
1663 4335 1697 4374 ac
1714 4313 1787 4375 enfis
1810 4316 1843 4376 in
1861 4314 1960 4377 solum
1982 4316 2133 4380 demersus
2153 4315 2216 4378 sub-

1576 4421 1657 4481 stitit.
1681 4422 1859 4500 ¹Her-laugus
1870 4421 1933 4498 jam
1950 4425 2215 4504 propinqvusHld

1573 4523 1646 4586 dum
1656 4524 1826 4606 adequitans
1836 4525 1925 4587 dixit:
1951 4548 2015 4588 non
2031 4527 2145 4588 deficiet
2155 4528 2214 4588 ani-

1573 4649 1641 4690 mus
1651 4629 1687 4690 ad
1702 4634 1857 4711 gigantem
1871 4630 1951 4691 hunc
1966 4631 2217 4694 interficiendum-

1571 4734 1644 4796 alias
1661 4753 1718 4814 ego
1733 4735 1770 4796 ab
1786 4732 1841 4798 iilo
1857 4737 1946 4802 talem
1961 4737 2071 4810 ictum,
2103 4738 2218 4820 qralem
