4858 6274
472 599 849 688 urrunnun
881 596 1072 688 rnen.
1138 607 1235 684 cnr.
1267 607 1412 688 xvir.
1510 621 1601 715 217

214 799 306 878 &eo
316 825 436 876 rernm
446 816 590 877 uentum
608 816 703 892 eret,
718 826 762 878 nc
766 803 956 904 pauciores
966 791 1135 892 deberet,
1162 806 1395 906 quamprimo
1405 795 1591 894 habuerat,
1606 803 1667 881 nt?

212 927 926 1038 qvejnmcertomenocdenrcntiusqomn
936 933 1044 1033 prius
1062 933 1276 1033 commeffum
1295 936 1359 1030 est,
1385 926 1519 1012 Hunni
1536 937 1661 1013 arden·

151 1159 157 1170 ,
212 1062 511 1169 terpugnobont,
528 1083 712 1142 cernentes
725 1060 816 1141 donc
832 1065 1069 1141 conditionem
1086 1069 1228 1142 unicam
1250 1067 1315 1166 effi
1332 1070 1450 1142 vitem
1466 1069 1659 1164 retinendi,

201 1199 241 1299 fl
245 1201 441 1296 inferiores
448 1226 517 1275 non
531 1199 714 1300 euostffi’nt
719 1252 730 1290 ,
749 1197 794 1274 fir
807 1198 951 1289 difficile
964 1199 1048 1294 sore
1058 1225 1081 1271 a
1098 1192 1210 1278 Gotis
1225 1199 1511 1276 incolumitatem
1521 1217 1660 1302 petere,

213 1324 309 1408 Goti
336 1329 543 1407 libertatern
568 1332 614 1409 θ’
626 1337 794 1432 petriam
820 1327 864 1406 ab
888 1323 1037 1408 Hunnis
1060 1329 1275 1422 tuebuntur,
1315 1331 1519 1436 ideoqvcfi‘
1541 1333 1669 1409 mutui.

211 1457 437 1539 cohortantes
456 1465 619 1557 firmiter
642 1471 683 1541 in
714 1468 793 1539 acie
813 1461 979 1559 stabant,
1020 1465 1155 1562 cdselio
1176 1466 1253 1558 die,
1295 1457 1391 1543 Goti
1409 1467 1668 1566 imprefflonem.

212 1612 288 1671 tnnc
314 1623 432 1672 acrem
446 1599 637 1696 fecerunt,
679 1611 723 1672 ut
746 1588 964 1673 Hunnorum
992 1602 1087 1672 ecies
1114 1598 1381 1690 inclinaretur,
1413 1599 1510 1702 quod
1534 1600 1687 1676 vident

210 1721 416 1834 Angnntyr
434 1755 453 1806 e
474 1723 636 1832 praefidit
663 1733 705 1808 in
725 1733 884 1832 primam
908 1733 1021 1806 aciem
1040 1731 1227 1832 proceffit‚
1269 1730 1315 1810 lt*
1345 1724 1563 1838 Tyrfingum
1585 1759 1658 1808 nro·

1534 1891 1596 1940 nu·

252 2165 351 2229 Gissur
368 2169 531 2248 rccipiunt,
556 2167 617 2244 jem
633 2187 689 2246 pro
703 2166 783 2227 virili
807 2167 897 2246 gelen

254 2271 348 2332 Hlb'di
357 2274 447 2334 istum
457 2272 574 2343 intulit,
596 2272 819 2352 quantumillui
835 2287 897 2331 eret

254 2377 403 2452 objedlum
419 2373 559 2447 abscidit,
576 2391 641 2436 tum
659 2359 779 2456 glodius
795 2377 827 2436 in
840 2374 895 2436 hu-

254 2499 371 2542 merum
383 2481 591 2552 excutebntur,
613 2496 647 2542 ut
662 2483 754 2542 lorice
768 2478 892 2552 falleret,

253 2601 283 2657 ot
298 2587 386 2663 Regis
401 2583 481 2644 lilius
501 2602 609 2664 parum
631 2584 700 2662 qvid
722 2579 915 2644 vulneretus'

252 2688 309 2760 est,
333 2690 384 2750 ille
396 2687 517 2748 viciffim
532 2688 721 2767 Herleugum
737 2688 794 2748 inu
811 2687 894 2764 petit,

252 2808 283 2854 rt
295 2790 343 2853 bic
358 2791 387 2853 se
401 2791 570 2872 recipiendo
590 2793 681 2852 iilum
705 2791 821 2881 ritovit,
854 2805 895 2850 te·

254 2918 324 2958 rnen
343 2896 441 2976 cuspis
457 2894 495 2958 ed
513 2898 613 2976 pestus
629 2898 819 2976 pertingens,
852 2895 895 2955 lo-

251 2998 693 3082 ricamventremqredisscidit,
717 3000 775 3062 hoc
792 2996 895 3061 videos

253 3110 416 3187 Angrntyr
439 3125 567 3186 eqvoqve
593 3086 690 3166 velint
715 3107 791 3165 inter
813 3101 894 3182 ipsos

222 3257 224 3260 -
249 3213 401 3292 processit,
426 3208 618 3288 Hlb‘dumqre
638 3207 790 3288 Tyrfingo
803 3191 892 3277 feriit,

251 3315 300 3376 bic
319 3332 419 3376 nutem
436 3311 534 3374 ensem
547 3314 619 3374 inni
639 3309 780 3389 subjecit,
805 3331 891 3390 qvem

251 3417 421 3500 Tyrfingus
440 3416 477 3479 nd
500 3414 633 3479 medium
650 3435 741 3493 usque
761 3411 893 3476 latitudi-

250 3525 297 3584 nis
321 3521 471 3592 dillecuit,
509 3519 582 3581 hinc
610 3537 740 3597 mogunt
764 3518 893 3594 crepitus

251 3626 409 3697 edebatur,
428 3627 461 3686 in
475 3626 602 3684 multem
615 3623 693 3683 diem
706 3620 744 3682 stc
754 3620 894 3680 conflixe-

253 3747 334 3804 runt,
349 3748 390 3810 ut
404 3729 514 3790 nullibi
525 3731 690 3809 Angantyr
703 3729 729 3786 ei
744 3727 835 3788 ilium
850 3725 894 3786 in·

252 3839 353 3918 liigere
369 3833 476 3916 poliet,
507 3848 571 3894 tum
594 3837 758 3912 Angnntyr
773 3827 894 3909 Tyrfin·

254 3961 295 4020 go
311 3941 483 4018 capulume
504 3939 599 4000 Hlodi
620 3935 723 4018 gladio
752 3934 889 4004 desecuit,

250 4064 308 4124 qvo
336 4057 434 4103 tomen
469 4044 543 4103 ecies
571 4062 635 4104 non
658 4039 892 4108 obtundebatur,

250 4150 313 4227 jem
331 4143 461 4226 ‚Hlb'dus
482 4147 580 4222 geleae'
592 4144 782 4224 Angentyrit
802 4142 894 4202 icium

249 4252 377 4331 infligit,
402 4263 432 4309 ot
458 4268 490 4309 eo
513 4264 599 4308 tonte
620 4248 679 4310 fnit
700 4248 835 4316 duritiae,
859 4263 897 4302 ne

253 4357 431 4424 cuderetur,
451 4368 523 4412 tunc
539 4353 581 4412 ibi
597 4349 669 4413 enfis
693 4351 821 4422 diffrliit,
845 4347 899 4408 ubi

251 4460 350 4544 ipsum
365 4474 450 4546 enter
464 4454 633 4538 Tyrlingus
659 4454 805 4525 secuerat,
834 4468 899 4514 rur·

250 4553 307 4630 sus'
321 4571 485 4644 Angontyr
509 4561 646 4623 Hlb'dum
668 4561 727 4622 iou
748 4558 898 4638 appetivit,

250 4689 279 4734 ot
295 4675 320 4734 is
336 4685 451 4752 portem
467 4667 540 4732 ensis
559 4667 701 4748 reliquum
714 4664 786 4728 ictui
801 4661 897 4739 subje·

923 4773 995 4849 Ee

1012 2167 1070 2238 cit,
1094 2163 1263 2246 Tyrfingus,
1280 2168 1312 2227 in
1326 2161 1489 2228 humerum
1504 2169 1589 2245 juxte
1609 2188 1659 2248 pe·-

1010 2273 1072 2333 slus
1089 2269 1210 2342 incidit,
1235 2267 1267 2332 ἃ
1283 2269 1381 2350 cuspis
1397 2273 1430 2331 in
1444 2291 1549 2332 cotum
1571 2292 1655 2351 pene·
1690 2295 1695 2302 ’

1011 2377 1115 2448 trovit,
1140 2390 1205 2435 tum
1220 2377 1383 2455 Angnntyr
1397 2375 1465 2453 plus
1476 2396 1540 2436 non
1549 2373 1655 2447 effecit,

1009 2478 1041 2542 δί
1056 2501 1088 2540 re
1103 2477 1141 2540 fic
1155 2476 1350 2540 constitutese
1363 2480 1568 2556 relinquerunt
1585 2499 1656 2557 pree·

1011 2585 1143 2660 liumqve
1161 2581 1323 2641 diremtum
1337 2580 1385 2640 est.
1411 2583 1495 2642 Tum
1512 2583 1655 2643 exercitur

1009 2689 1196 2746 Hunnorum
1223 2687 1348 2746 tontum
1366 2701 1428 2746 erat
1465 2685 1655 2766 profligetur,

1009 2809 1047 2852 ne
1063 2791 1132 2870 plut
1147 2810 1182 2850 ex
1193 2804 1255 2850 toto
1274 2791 1326 2851 illo
1349 2791 1466 2870 ingenti
1486 2789 1655 2852 multitudi-

1009 2915 1045 2954 ne
1061 2913 1147 2974 qvom
1164 2896 1286 2955 trecenti
1304 2893 1464 2966 restarent,
1495 2913 1600 2956 omnes
1615 2912 1655 2957 te·

1007 3018 1077 3058 rnen
1090 2999 1265 3058 vulneribus
1281 2997 1314 3060 ἃ
1339 3000 1444 3060 erebro
1459 2998 1592 3060 onhelitu
1606 2999 1655 3060 ad-

1008 3101 1085 3164 feni.
1110 3106 1154 3162 At
1175 3103 1308 3162 militum
1324 3105 1514 3183 Angcntyris
1534 3100 1566 3165 u
1582 3107 1655 3165 Het-

1005 3207 1090 3285 lengi
1100 3203 1268 3285 quindecim
1281 3207 1376 3266 millio
1396 3209 1542 3268 vixerunt.
1592 3209 1655 3270 Cae.

983 3311 1247 3392 'terisAngentyt
1267 3311 1507 3374 incolumitatem
1530 3313 1570 3374 ob
1579 3315 1653 3379 ulit,

1007 3433 1093 3493 qvem
1108 3414 1197 3472 etiam
1210 3414 1348 3476 lubenter
1359 3434 1509 3496 accepere,
1521 3417 1655 3494 jomAn·

1008 3532 1119 3596 gontyr
1148 3518 1337 3596 Herlaugum
1363 3519 1425 3578 ibet
1448 3517 1607 3600 qraefitum,
1622 3540 1656 3582 oc

1006 3620 1126 3682 tandem
1148 3621 1271 3682 invenit.
1320 3624 1526 3702 Herlougusn
1548 3643 1654 3703 compo

1006 3727 1100 3804 proclii
1116 3727 1247 3805 longum
1263 3725 1300 3786 ed
1325 3725 1416 3786 cellro
1440 3723 1567 3804 spatium
1589 3727 1654 3787 obe·

1007 3832 1184 3910 quitaveret,
1209 3827 1240 3890 dt
1255 3850 1347 3908 prope
1360 3832 1535 3908 pretorium
1549 3832 1653 3907 jacuit,

1005 3947 1193 4013 ventremque
1209 3931 1387 3994 vestimentis
1404 3934 1584 4008 involveret,
1599 3937 1654 3998 im-

1005 4039 1189 4120 posloqvelcc
1197 4058 1207 4108 3
1225 4037 1283 4098 Rex
1296 4039 1407 4100 eumin
1420 4040 1593 4116 pretorium
1606 4039 1654 4100 de-

1001 4121 1157 4220 portavit,
1182 4138 1290 4219 filoque
1312 4139 1404 4202 serico
1427 4159 1558 4202 ventrem
1583 4163 1653 4204 con-

1011 4242 1086 4315 suit,
1108 4265 1141 4304 nc
1160 4243 1229 4302 dein
1244 4245 1374 4306 culcitru
1387 4242 1483 4306 sericae
1498 4244 1651 4326 imposuit,

1012 4349 1138 4409 tenebre
1176 4349 1328 4409 notlurnae
1361 4364 1427 4410 tum
1465 4352 1650 4431 ingruerent,

1013 4466 1085 4513 tune
1103 4450 1241 4511 homines
1257 4454 1321 4532 qvie
1335 4455 1344 4513 i
1361 4451 1389 4513 se
1412 4451 1567 4527 dederunt,
1582 4473 1651 4516 noc·

1011 4572 1125 4640 temque
1141 4555 1248 4620 somno
1263 4573 1482 4639 transegerunt.
