4842 6296
709 594 901 688 im.

645 835 764 950 cujus
789 841 913 924 etiam
936 860 1098 924 textum
1128 865 1228 924 cum
1247 840 1399 924 cacteris
1418 837 1586 942 contuli,
1621 835 1717 926 sed
1707 867 1749 927 m
1768 811 1940 954 poeticis
1962 835 2104 958 pauca,

600 955 762 1090 qvod
800 967 1002 1086 suspes'tus
1041 973 1067 1057 s
1072 997 1087 1056 t
1120 971 1310 1060 Vereiius
1352 970 1562 1058 'I-ssandum
1598 973 1810 1086 quendam
1852 979 2107 1062 carminibus

642 1105 875 1238 pangendis
908 1097 1152 1208 adhibuiffe,
1189 1133 1268 1191 nec
1296 1102 1394 1189 uiias
1418 1134 1442 1188 e
1468 1104 1663 1223 Vereho
1654 1137 1696 1190 m
1717 1105 1879 1220 phrases
1907 1111 2108 1224 qvasdam

646 1240 691 1323 8(
716 1239 931 1343 vocabula,
968 1266 1086 1324 notas
1112 1239 1239 1340 attuli,
1276 1265 1367 1352 qvae
1387 1239 1561 1350 qvidem
1590 1243 1747 1323 ratione
1764 1247 1984 1360 temporis,
2020 1271 2106 1358 qvo

645 1367 779 1486 scrrps
783 1397 798 1456 t
816 1373 1006 1457 Verelius
1027 1371 1146 1456 bonu
1161 1365 1388 1472 suerunt,
1377 1399 1421 1454 rn
1446 1369 1521 1455 hac
1545 1393 1683 1456 autem
1701 1372 1793 1457 luce
1816 1379 2107 1486 antiquitatum
2215 1404 2222 1416 “

648 1531 738 1630 qvas
765 1505 891 1592 hodie
911 1505 1084 1606 obtinet,
1120 1497 1387 1591 momentosae
1413 1529 1502 1586 non
1529 1500 1645 1616 sunt
1681 1504 1772 1589 loca
1797 1509 1939 1590 omnia
1965 1510 2009 1591 in
2026 1535 2109 1592 car-

648 1633 831 1724 minibus
856 1621 1079 1724 difficiiiora
1105 1663 1203 1722 cum
1231 1619 1416 1720 Domino
1445 1635 1660 1773 Magnam,
1677 1642 1747 1749 qvi
1774 1641 1934 1750 primus
1965 1639 2108 1754 stipen-

649 1753 795 1860 dianus
815 1762 872 1856 est
887 1761 1003 1856 Arna'
1020 1771 1267 1900 Magnaani,
1288 1767 1454 1871 contuli,
1491 1773 1620 1881 quiin
1613 1760 1719 1854 hac
1741 1796 1857 1882 parte
1874 1771 2109 1860 litteraturae

647 1905 825 2020 antiqvae
862 1906 996 2018 prope
1026 1898 1130 1986 solus
1170 1898 1390 2013 regnat&
1427 1895 1545 2014 supra
1583 1899 1750 1988 caeteros
1782 1903 2003 2017 plerosque
2041 1905 2111 1990 ver

648 2061 796 2128 omnes
827 2040 1010 2138 eminet,
1055 2038 1123 2150 qvi
1158 1971 1310 2146 aliquot
1347 2035 1470 2116 etiam
1503 2033 1645 2118 loca'
1636 2062 1679 2117 rn
1710 2037 1757 2121 iis
1786 2035 2005 2149 depravata
2041 2035 2108 2123 sua

611 2173 793 2309 ¹peritia
842 2167 1025 2256 restituit.
1126 2165 1307 2268 Nullum
1373 2163 1688 2278 Exemplarium
1741 2171 1965 2271 omnium,
2016 2187 2109 2283 qvae'

649 2290 795 2428 tradit'a¹
832 2279 931 2384 mihi
974 2283 1120 2402 fuere,
1171 2301 1296 2412 Regis
1333 2297 1536 2418 Heidreki
1586 2295 1819 2386 solutiones
1837 2304 2107 2421 aenigmamm

646 2417 810 2554 poetice
872 2433 1073 2536 exhibet,
1136 2428 1203 2516 sed
1264 2437 1402 2516 omnia
1460 2427 1668 2544 prosaice,
1728 2433 1848 2518 unde
1901 2431 2108 2520 consultus

648 2577 772 2654 etiam
795 2567 872 2652 hac
892 2567 950 2654 dc
980 2593 1025 2651 re
1050 2565 1260 2652 Dominus
1287 2565 1506 2676 Magnaeus
1544 2563 1647 2650 dixit
1680 2564 1765 2650 esse
1788 2545 2107 2658 commodatum

647 2701 720 2792 ffui
741 2697 972 2814 Exemplar
996 2697 1048 2782 ab
1074 2697 1213 2782 illustri
1240 2695 1404 2802 Ericio,
1450 2693 1567 2809 qvod
1597 2693 1783 2810 responsa
1814 2702 1954 2783 omnia
1982 2699 2107 2812 R'cgis

647 2827 849 2923 Heidreki
885 2833 1048 2944 poetice
1082 2829 1326 2931 exhiberet,
1376 2823 1573 2943 svafirqve
1616 2851 1663 2914 ut
1701 2830 1798 2918 inde
1840 2834 2022 2916 carmina
2054 2834 2110 2914 in

650 2965 804 3058 caeteris
838 2957 1181 3074 exempiaribus
1197 2959 1429 3046 deficientia
1473 2960 1835 3068 transscriberem,
1879 2967 1945 3048 cui
1984 2969 2109 3049 etiam
2159 2965 2162 2970 ’

649 3075 816 3186 confisio
847 3092 1116 3201 obseqvebar.
1218 3093 1358 3203 Atqve
1392 3091 1535 3176 collata
1573 3092 1665 3176 sunt
1710 3099 1816 3178 inter
1853 3093 1892 3177 se
1927 3095 1970 3178 Sc
2008 3123 2107 3180 cum

651 3209 804 3320 ‘cacteris
829 3211 1081 3338 exemplaria
1106 3251 1197 3339 qvae
1225 3223 1436 3306 Dominus
1458 3223 1677 3336 Magnaeus
1701 3225 1752 3311 ad
1779 3253 1927 3311 manus
1952 3224 2108 3333 habuit,

650 3389 806 3482 nempe
830 3358 1086 3461 Ericianurn
1123 3353 1240 3470 qvod
1272 3353 1414 3440 litteris
1430 3353 1507 3442 Ere
1526 3355 1958 3462 Lnuonoucrnnuuru,
1994 3359 2109 3476 qvod

649 3493 795 3590 litteris
821 3493 966 3580 Lnuo.
996 3489 1225 3583 &illustris
1255 3487 1428 3574 Domini
1455 3485 1610 3591 Suum,
1646 3489 1784 3606 qvod
1779 3491 1898 3577 h‘t'ora
1926 3491 1988 3576 S.
1997 3517 2109 3579 nota·

650 3623 755 3715 tuni.
808 3621 991 3712 Libro
979 3646 1158 3746 jamtum
1177 3617 1378 3741 impr'efl'o
1405 3612 1618 3746 exemplar
1638 3649 1772 3709 unum
1788 3651 1859 3708 ex
1855 3621 2108 3711 Bibliotheca

506 3848 513 3870 s
650 3761 781 3872 Regia
806 3735 1126 3850 membraneum
1149 3746 1302 3839 videro¹
1339 3757 1532 3870 contigit,
1568 3755 1682 3866 qvod
1708 3773 1862 3867 paucos
1884 3755 1972 3842 dies
1997 3785 2107 3844 com-
2136 3807 2142 3824 ,

650 3891 898 3992 modatum,
948 3911 1152 4008 quantum
1188 3882 1417 3999 perspicere
1452 3890 1598 3998 potui,
1645 3915 1744 3972 cum
1780 3887 2019 4002 Exemplari
2057 3890 2118 4000 Ο

653 4029 862 4116 convenio
931 4021 1137 4108 Caeterum
1165 4013 1295 4103 lesior
1317 4015 1545 4103 benevolus
1567 4017 1610 4103 u
1627 4025 1685 4104 rei
1701 4017 1937 4134 untiqvariae
1950 4019 2108 4136 peritus

651 4156 805 4280 lapsus,
840 4154 1002 4272 siquos
1020 4149 1264 4253 'commissos
1293 4147 1649 4257 animadveretri‘t,
1683 4149 1876 4276 ignoscet.
