4858 6274
464 563 1085 657 HERVARAR‘SAGA
1160 571 1437 664 cantum.
1504 593 1597 690 215

203 762 315 844 adduc
326 767 517 846 incolumes
524 771 739 864 existerent,
762 783 804 846 at
820 793 919 846 nemo
923 764 1046 864 scivit
1056 761 1243 842 'numerum
1256 793 1397 862 eorum,
1415 777 1481 876 qvi
1495 768 1664 853 occtebue·

202 902 821 1008 runt,seddiunoesuqveexerritur
836 929 886 981 ex
899 903 997 979 omni
1005 900 1120 1005 plaga
1128 900 1179 976 ad
1184 893 1445 1006 Angantyrem
1461 907 1657 1003 confluxit,

214 1463 216 1470 ’
245 1447 277 1506 in
293 1445 388 1526 priori
404 1444 507 1525 praelio
525 1451 652 1528 acceptis
664 1467 775 1528 parum
787 1468 893 1510 conva-

244 1550 349 1614 luerat.
399 1552 512 1609 Verum
533 1571 704 1631 quecunque
726 1555 891 1630 Angantyr

247 1654 281 1714 in
303 1654 431 1714 exercitu
446 1653 565 1726 litabat,
598 1656 700 1714 omnia
718 1653 747 1714 se
772 1670 891 1733 repente

204 1745 891 1837 'mwmfflfflmfflm

131 1865 136 1876 ’
242 1862 367 1941 reliqua,
392 1859 429 1922 ad
450 1879 536 1940 qvem
563 1859 716 1942 Tyrfingo
742 1863 891 1940 pertinge·

242 1964 310 2036 bat3
332 1961 364 2026 δι
379 1966 411 2025 in
420 1985 527 2043 compo
543 1967 651 2026 Martis
661 1979 742 2024 tanta
757 1965 890 2042 jamerat

212 2043 223 2058 ³
246 2065 397 2148 sanguinis
429 2069 535 2146 copia,
575 2086 610 2129 ut
624 2067 662 2129 ad
675 2068 808 2130 balteum
824 2090 889 2150 per·

245 2173 391 2252 tingeret,
423 2169 473 2234 sed
493 2190 564 2236 cum
584 2171 646 2234 dies
666 2171 836 2247 effluxerat,
853 2175 886 2234 in

243 2278 372 2338 tentoria
386 2293 489 2338 euntes
517 2275 641 2338 suorum
665 2281 789 2339 vulnera
811 2279 887 2339 obli-

243 2397 373 2460 garunt,
394 2377 502 2457 &jam
523 2383 673 2442 Gotorum
695 2383 788 2462 topiae
811 2385 888 2444 male

242 2486 516 2564 conquerebantur,
542 2485 623 2565 qvod
642 2489 764 2548 Hunnis
781 2487 888 2548 identi-

243 2586 311 2648 dem
334 2591 442 2649 melius
468 2588 651 2660 succedebat,
698 2593 759 2652 Die·
783 2607 888 2670 quarto

241 2691 379 2771 pralium
394 2690 567 2752 ineuntesse
581 2691 698 2752 strenue
715 2693 885 2764 tuebantur,

241 2815 313 2856 nam
324 2799 488 2876 Angantyr
502 2794 615 2875 semper
638 2797 794 2857 sortissrme
816 2815 887 2878 pr'ae-

241 2901 388 2972 iiobatua3
427 2917 510 2981 atque
534 2899 649 2962 tdsesio
675 2899 722 2962 die
752 2899 885 2962 sonitum

239 3005 345 3065 claffici
360 3020 524 3085 tonumque
546 3007 676 3086 timpani
697 3006 885 3078 audiverunt,

241 3126 308 3170 tum
324 3129 359 3169 eo
380 3109 553 3190 Her-langue
569 3121 646 3188 [cum
667 3109 818 3190 sexaginta
833 3113 887 3171 mi-

240 3215 334 3274 iitum
349 3213 486 3274 millibus
503 3213 541 3273 ad
563 3215 710 3274 auxilium
727 3219 888 3294 Anganty·

240 3319 266 3378 ri
285 3315 442 3377 serendum
465 3313 688 3397 supervenerot,
722 3321 886 3399 Arrgantyr

241 3423 267 3481 ei
282 3419 404 3480 felicem
418 3419 454 3480 ad
467 3420 503 3497 {se
525 3419 684 3480 aduentum
713 3437 888 3500 apprecatur

240 3523 295 3595 est,
321 3523 402 3603 qvod
415 3521 480 3602 ipso
496 3523 558 3599 jam
577 3543 654 3602 opus
677 3523 814 3595 haberet,
840 3523 888 3584 de·

241 3627 311 3689 inde
327 3627 418 3688 castra
434 3625 618 3706 posuerunt,
645 3643 727 3687 totus
742 3629 888 3687 exercitus

239 3733 295 3794 hac
314 3733 399 3792 noete
426 3731 454 3792 se
476 3733 565 3812 qvieti
588 3729 686 3803 dedit,
724 3752 796 3793 cum
819 3751 889 3793 vero

240 3854 305 3899 otta
331 3837 384 3897 lux
411 3834 448 3896 ad
480 3833 678 3916 preliandum
710 3833 887 3914 suppeteret,

239 3958 387 4002 certamen
404 3943 555 4014 inierunt,
588 3962 623 4001 eo
641 3939 688 4001 die
714 3957 799 4001 tanta·
822 3941 890 4002 stra·

241 4065 293 4124 ges
307 4045 384 4105 edita
400 4045 457 4115 est,
482 4047 596 4124 nequis
615 4063 777 4105 numerum
804 4043 890 4104 sciret

240 4149 421 4218 cadentium,
448 4165 478 4207 at
492 4151 556 4227 eqvi
568 4147 605 4210 ad
621 4149 887 4227 cinguhnnpesio-

241 4255 305 4314 tale
342 4252 455 4311 flumen
494 4249 689 4330 sanguineum
738 4251 887 4324 vaderent,

241 4373 313 4418 tunc
326 4358 359 4416 in
378 4375 489 4435 campo
501 4357 596 4434 prelii
619 4355 734 4417 diutius
756 4358 889 4438 pugnari

235 4483 303 4522 non
315 4462 483 4540 potuitprae
498 4460 676 4538 corporibus
694 4479 887 4522 mortuorum

240 4565 401 4643 &strages
424 4567 458 4624 in
478 4568 609 4626 Hormos
633 4563 820 4625 vehementer
845 4571 889 4627 in-

241 4673 378 4740 clinavit,
406 4669 452 4730 die
471 4690 554 4730 nono
573 4669 694 4729 Hl’o'dus
711 4669 748 4729 ad
763 4673 889 4749 Angen-

242 4783 356 4856 tyrem,
380 4774 466 4838 misso
482 4775 610 4849 nuntio,
635 4775 754 4856 rogarit
768 4773 829 4836 hoc
842 4776 889 4838 die

1550 1039 1596 1116 ie*

1393 1281 1660 1305 ¹*

1006 1443 1143 1506 inducias
1157 1439 1282 1517 fieri1a'd
1298 1441 1394 1504 hastas
1416 1447 1531 1525 crepulis
1548 1445 1661 1508 instru-⁴

1006 1545 1147 1610 endas&
1169 1546 1251 1608 scuta
1273 1545 1463 1623 roboranda3
1489 1554 1660 1632 Angantyr

1004 1649 1042 1712 fic
1059 1649 1198 1712 futurum
1214 1655 1340 1725 annuit,
1364 1668 1448 1714 erant
1468 1669 1534 1714 tum
1554 1658 1656 1716 etiam

1005 1755 1078 1815 dum
1103 1757 1254 1837 principes
1277 1777 1382 1818 omnes
1407 1759 1578 1820 incohrmer
1600 1775 1658 1819 nee

965 1921 967 1926 ,
1004 1861 1180 1938 Angantyri
1196 1862 1288 1938 copiae
1303 1863 1476 1940 pauciores,
1497 1864 1654 1943 quampri-

1004 1980 1075 2034 mo,
1104 1981 1175 2022 cum
1201 1964 1340 2042 prelium
1362 1965 1548 2044 inciperetL
1570 1968 1658 2028 milia

1001 2085 1071 2126 nam
1098 2065 1135 2128 ad
1157 2065 1257 2146 ipsum
1283 2066 1448 2131 identidem
1478 2071 1571 2148 copie
1600 2068 1656 2131 diu

976 2179 978 2184 ’
998 2169 1146 2251 nodoque
1169 2158 1378 2232 confluxerant
1385 2193 1396 2245 3
1437 2188 1467 2232 at
1487 2169 1592 2235 Hlodo
1620 2193 1657 2236 ex

1001 2275 1096 2353 copiis
1109 2274 1254 2336 omnibus
1268 2277 1337 2354 plus
1348 2277 1445 2337 millia
1455 2276 1655 2359 qradraginta

1001 2399 1064 2440 non
1090 2379 1253 2452 restabant,
1284 2378 1337 2441 sed
1359 2396 1489 2442 trecenta
1511 2383 1651 2462 triginta·

1002 2501 1055 2564 que
1077 2486 1173 2546 millia
1197 2483 1364 2545 ceciderant
1389 2487 1459 2562 plus
1482 2486 1649 2564 octoginta,

1002 2604 1149 2664 qvanmm·
1189 2605 1258 2647 vero
1297 2589 1454 2664 copiarum
1486 2591 1655 2671 Angantyr

1002 2686 1153 2760 amiserat,
1178 2691 1332 2750 memorie
1350 2687 1507 2770 proditum
1523 2713 1587 2755 non
1602 2689 1653 2755 ha-

1001 2792 1106 2865 betur,
1128 2809 1211 2874 atqve
1241 2793 1300 2856 hoc
1322 2811 1473 2858 certamen
1511 2801 1653 2862 omnium

1000 2900 1653 2978 maximumepar-teborealimariemediter·

999 3003 1083 3061 ranei
1096 3001 1231 3063 exstitiffie
1255 3005 1442 3084 antiquitates
1464 3023 1636 3069 memorant
1643 3029 1654 3081 ;

1002 3125 1106 3166 verum
1116 3123 1181 3168 orta
1189 3106 1305 3167 decima
1314 3109 1380 3168 luce
1394 3124 1524 3171 extrema
1539 3110 1651 3174 virium

999 3209 1039 3270 fic
1053 3226 1252 3283 tentarentur,
1271 3228 1306 3271 ut
1330 3211 1370 3272 ad
1394 3212 1544 3293 vesperam
1568 3218 1653 3279 altet-

1000 3315 1155 3374 uterlibet
1172 3314 1319 3386 evaderet,
1343 3315 1406 3393 jam
1427 3317 1549 3381 Hlodus
1565 3323 1653 3386 Hun-

1000 3418 1048 3475 nis
1064 3437 1120 3496 pro
1140 3419 1218 3478 virili
1235 3418 1373 3480 stimulos
1390 3419 1551 3485 admovens
1567 3426 1652 3500 dixit,

1002 3521 1117 3579 malum
1135 3519 1200 3581 sore
1224 3524 1320 3583 Gotoe
1344 3525 1585 3602 incolumitatem
1606 3552 1654 3591 ro·

1006 3642 1095 3702 gare,
1120 3625 1243 3698 vellem,
1271 3642 1427 3706 antequam
1443 3627 1502 3690 hoc
1515 3635 1655 3710 praelium

1003 3727 1039 3788 ad
1057 3725 1148 3790 finem
1164 3729 1199 3791 fit
1214 3728 1409 3810 perdut'ium,
1442 3733 1590 3798 Giffurem
1613 3738 1653 3800 se-

1003 3855 1072 3894 nem
1101 3837 1276 3907 convenire,
1322 3855 1378 3897 nos
1404 3839 1484 3898 enim
1512 3841 1654 3920 quiddam

1005 3941 1136 4020 colloqui
1154 3955 1284 4019 oportet3
1330 3942 1377 4002 De
1395 3958 1499 4004 caetero
1519 3946 1555 4006 ad
1583 3947 1653 4011 suos

1002 4047 1167 4123 Aogantyr
1181 4064 1247 4114 nos,
1272 4043 1357 4116 dixit,
1383 4045 1503 4107 strenue'
1514 4070 1654 4130 pugnan-

1003 4161 1045 4206 tes
1063 4148 1229 4206 libertatcm
1246 4145 1277 4209 dt
1295 4151 1423 4226 patriam
1446 4149 1654 4230 defendamus3

1002 4251 1176 4330 Herlaugus
1191 4252 1249 4322 ait,
1274 4250 1373 4330 ipsum
1402 4253 1429 4314 se
1451 4257 1589 4318 lubenter
1614 4259 1659 4322 se-

1002 4369 1144 4413 cuturum
1161 4351 1193 4416 ἃ
1214 4375 1253 4414 ex
1274 4354 1376 4416 sorore
1401 4362 1497 4438 neptis
1525 4379 1654 4427 mortem

1004 4459 1159 4530 ulturum,
1185 4457 1253 4519 dein
1274 4475 1394 4540 uterque
1420 4467 1564 4526 exercitur
1591 4489 1654 4531 cor-

1003 4561 1290 4635 nu-oriadmovens,
1321 4565 1401 4624 idem
1416 4565 1653 4658 administrum,

1005 4685 1039 4727 ut
1060 4683 1178 4727 montes
1201 4665 1391 4742 resonarent,
1423 4687 1453 4730 at
1474 4692 1525 4750 per
1547 4679 1662 4758 viginti·

1003 4769 1035 4836 de
1061 4773 1192 4855 arnplius
1219 4773 1350 4837 milliara
1376 4773 1547 4853 audiretur,
1579 4783 1661 4848 dum
