4858 6274
504 614 886 709 HERVARAR
917 615 1106 708 SAGA.
1177 623 1414 714 canxvl,
1548 633 1636 739 185
1698 557 1711 568 ·

699 810 889 897 Aurum
907 810 1104 921 perbibent
1135 808 1311 897 Humlum

693 951 816 1056 popula
842 953 1028 1054 praefuaffi

703 1079 887 1183 Gtffierem
915 1087 1046 1188 gautis

700 1212 814 1296 Garis
844 1211 1105 1324 Augautyrem
1218 1227 1219 1230 ’

701 1347 743 1432 V
741 1351 911 1428 alldarem
963 1343 1088 1428 Danis

697 1498 741 1559 at
780 1477 941 1583 Vabesais
972 1478 1131 1560 Kiarem

698 1610 902 1715 Alfrekum
924 1617 1110 1708 strenuum
1256 1683 1258 1687 .

694 1738 886 1853 Angelicae
904 1751 1025 1852 genti.

236 2005 377 2092 Haedus
400 1973 638 2115 filiarrega's
671 2002 852 2090 Heidreki
884 2011 983 2114 apud
1020 2001 1192 2088 Humlum
1221 2034 1328 2088 auum
1362 2028 1594 2108 maternum,
1650 2029 1695 2090 ut

227 2141 344 2247 supra
360 2143 492 2221 ditbum
515 2141 750 2240 educabatur,
782 2143 828 2222 Θ
852 2137 1035 2222 bominum
1059 2148 1218 2220 amnium
1240 2139 1504 2245 pulcherrimus
1517 2148 1695 2248 summam

233 2277 456 2355 uirilitatem
471 2275 662 2379 referebat.
741 2258 879 2357 Verum
902 2306 940 2354 ea
968 2293 1125 2380 tempore
1152 2292 1258 2354 vetus
1286 2295 1369 2355 erat
1399 2279 1522 2358 modus
1549 2279 1695 2385 loquea-

232 2409 291 2502 di,
331 2405 507 2489 bominem
529 2439 608 2488 cum
632 2415 748 2490 armis
776 2411 822 2490 &
852 2417 965 2519 equis,
988 2428 1115 2488 natum
1146 2412 1230 2512 effe,
1280 2409 1386 2514 cujus
1417 2417 1484 2489 rei·
1509 2406 1582 2488 bec
1612 2427 1695 2488 erat

236 2548 356 2634 ratio,
410 2545 565 2649 quod-de
591 2545 833 2624 tristantem
862 2551 978 2626 armis
999 2548 1207 2636 diceretur,
1240 2568 1318 2649 qva
1338 2545 1398 2620 illa
1435 2559 1591 2646 tempore
1613 2543 1707 2642 ipsss·

230 2675 554 2776 fabrefatbasunt,
587 2703 654 2782 qva
668 2672 767 2754 boma
798 2695 908 2755 natus
932 2693 1034 2769 erat,
1076 2681 1165 2782 quim
1184 2679 1297 2750 etiam
1315 2675 1357 2751 de
1370 2671 1582 2777 pecudibus,
1614 2676 1695 2752 am'·

236 2799 409 2903 malibus,
440 2805 562 2902 bobus,
603 2811 666 2888 uel
677 2815 798 2917 equis,
830 2827 918 2889 tuac
936 2813 1108 2914 temporis
1118 2811 1350 2911 procreatis,
1392 2823 1502 2915 atque
1525 2801 1598 2885 bac
1622 2832 1693 2886 am·

234 2947 299 3022 nia
318 2940 654 3045 uirisprinca'pibus
676 2942 805 3025 honori
830 2941 1072 3038 ducebantur,
1114 2941 1402 3049 quemadmodum
1430 2935 1492 3020 bie
1506 2941 1549 3018 de
1576 2932 1691 3020 titudo

230 3077 310 3173 filia
327 3068 508 3156 Heidreki
519 3095 721 3158 narratur:

693 3334 832 3421 Hltdus
862 3345 951 3419 tuac
982 3343 1024 3420 ia
1054 3340 1167 3418 lucem
1198 3337 1319 3420 editus
1348 3338 1396 3434 est
1561 3415 1565 3426 .

693 3478 737 3550 ia
768 3465 937 3566 Hunnia,

694 3628 774 3682 cum
802 3605 926 3681 'dolum
957 3601 1003 3682 fu
1036 3603 1114 3704 ease

690 3738 839 3838 demzfflt
871 3735 1007 3829 loricd,

692 3871 804 3976 galat
823 3896 911 3947 auro
943 3871 1078 3967 uestitd

691 4018 866 4110 acutoque
894 4003 1041 4109 gladia,

693 4161 782 4243 equa
814 4132 900 4215 bem
930 4139 1064 4214 domita

693 4272 735 4347 ia
757 4269 865 4373 sylva
895 4269 961 4352 illu
982 4271 1105 4368 staura.

239 4689 295 4763 (21
305 4693 334 4770 t)
358 4679 566 4766 Hugreifdum
590 4684 624 4744 B.
640 4683 674 4745 F.
690 4683 747 4758 G„
773 4679 810 4770 ¹h.
828 4701 852 4742 e.
873 4675 1007 4747 mimosu
1023 4679 1106 4760 galea
1119 4699 1170 4762 per
1183 4675 1374 4762 hypallagen.

927 4789 1006 4876 Aa
