4842 6296
517 555 898 692 uoauauaa
931 595 1125 688 sana
1190 605 1289 684 ca.
1322 595 1400 685 az:
1552 617 1618 714 4,

222 799 454 886 lliolonmem
466 805 629 908 sumtum
651 799 772 886 Oddus
796 811 844 884 in
864 827 994 882 nauem
1020 795 1247 904 reportavit,
1280 799 1326 878 it*
1338 805 1382 881 in
1404 791 1598 882 Suionium
1619 803 1678 881 da-

222 943 351 1034 uexit,
382 956 493 1052 atqve
505 935 578 1048 lue
594 967 688 1020 noua
701 935 805 1046 Regi
812 939 970 1045 filioque
991 935 1153 1036 retulit}

809 1179 955 1287 CAP.
1003 1179 1095 1288 VI.

221 1317 321 1493 Jam
337 1373 648 1462 adBiartmorem
670 1379 836 1456 comitem
853 1366 1004 1473 historio
1027 1373 1208 1469 divertit,
1239 1376 1307 1481 qui
1330 1399 1475 1454 rumore
1498 1371 1682 1455 occubitus

216 1509 379 1613 filiorum
401 1508 612 1619 Arngrimi
634 1510 736 1611 adse
751 1509 916 1614 perlato,
958 1534 1129 1618 magnum
1156 1501 1221 1586 loc
1239 1509 1408 1588 damnum
1431 1510 1496 1612 effe
1518 1511 1682 1612 conficite

224 1645 304 1751 ejus
325 1647 410 1744 filio
445 1641 566 1749 Suasa
603 1664 691 1724 tunc
721 1649 763 1723 in
785 1659 887 1721 utero
913 1639 1097 1750 gestabat,
1129 1641 1193 1722 illa
1222 1641 1424 1721 occubitum
1442 1637 1684 1753 Angantyris

221 1787 359 1868 mariti
376 1781 442 1882 fici
461 1775 687 1893 uehementer
710 1779 833 1873 luxit,
873 1779 924 1875 all
947 1803 1061 1854 comes
1080 1805 1158 1854 eam
1189 1777 1385 1855 identidem
1406 1781 1453 1876 est
1473 1781 1680 1882 consolatus.

233 1907 373 1998 Verum
395 1913 537 1993 labente
555 1931 711 2015 tempore
726 1911 982 2015 virgunculam
986 1915 1133 2012 peperit
1138 1967 1150 2005 ,
1183 1915 1476 2018 magnaestaturae
1492 1913 1683 2017 &formo-

216 2051 318 2154 sum,
350 2064 434 2126 erat
448 2043 521 2125 luc
535 2051 644 2152 uirgo
659 2039 936 2150 pulchritudine
951 2045 1139 2149 singulari
1145 2075 1163 2139 ,·
1195 2063 1306 2154 atque
1329 2049 1440 2124 multi
1459 2051 1683 2145 interficien-

227 2185 310 2263 dum
323 2184 389 2284 effe
407 2197 641 2277 monuerunt,
673 2195 847 2288 negantes
859 2178 954 2282 poffe
962 2180 1070 2282 fore,
1104 2196 1148 2258 ut
1169 2177 1357 2259 muliebris
1378 2183 1512 2260 indoles
1533 2186 1602 2287 ipst
1626 2191 1684 2264 in·

227 2318 329 2420 effet3
362 2317 540 2424 fiquidem
552 2332 719 2420 paternae
741 2315 902 2417 familie
918 2317 1138 2420 propinquis
1150 2316 1283 2410 fimilis
1308 2318 1488 2396 euaderet.
1554 2311 1684 2396 Biart·

227 2477 310 2530 mar
330 2452 383 2529 ed
401 2451 657 2558 virgunculam
680 2452 905 2553 respiciens„
925 2448 1031 2526 dixit
1054 2448 1205 2551 sperare
1216 2451 1261 2550 se
1285 2455 1407 2558 magis
1422 2453 1682 2555 profuturum,

228 2585 327 2664 illam
343 2589 459 2663 vitam
478 2589 656 2682 retinere,
674 2589 764 2691 quin
783 2589 896 2662 etiam
911 2579 1124 2688 inquiebat.-
1142 2599 1283 2684 oportet
1296 2611 1352 2661 me
1360 2585 1459 2678 filios
1477 2577 1687 2690 Arngrimi

221 2737 293 2824 pro
308 2720 418 2797 uirili
431 2717 586 2822 juvare.
662 2710 913 2818 Expericntia
942 2713 1099 2809 docebit,
1128 2717 1167 2811 fi
1192 2712 1266 2793 hec
1288 2723 1544 2802 maturitatem
1556 2721 1684 2818 fuerit
1802 2722 1806 2730 ’

229 2855 435 2956 consecuta,
460 2819 559 2947 Jllios
573 2845 785 2957 Arngrimi
811 2875 882 2926 non
911 2875 1158 2956 usquequaque
1190 2851 1382 2948 exstiatlos
1407 2853 1492 2952 effe,
1523 2853 1687 2951 existimo

232 2991 329 3062 enim
334 2983 526 3090 generosas
527 2983 754 3083 familias&
767 2977 1066 3062 nobileslomines
1075 2981 1120 3060 ab
1129 2985 1409 3086 endescensuros.
1476 2979 1690 3094 Deinaqvai

232 3118 388 3221 respersu
403 3109 575 3196 Heruora
581 3113 819 3217 salutabatur
824 3144 842 3209 ;
874 3115 973 3216 apud
989 3121 1155 3193 comitem
1179 3114 1420 3212 educabatur,
1454 3117 1500 3196 fd
1526 3127 1688 3223 corporis

232 3249 356 3332 robore
371 3254 474 3328 uiros
486 3246 667 3356 aequabat,
701 3248 746 3326 ὅ)
766 3275 846 3324 cum
859 3252 998 3324 uirium
1013 3251 1163 3354 aliquod
1175 3268 1321 3354 ceperat
1334 3255 1615 3350 incrementum,
1624 3256 1688 3357 sa·

229 3391 347 3493 gittis
363 3411 449 3462 arcu
467 3386 675 3480 mittendis,
704 3383 811 3485 scuto
832 3382 1025 3488 gladioque
1045 3385 1257 3486 uficrpandis
1270 3388 1314 3487 fi
1334 3391 1455 3492 magis
1480 3389 1685 3490 adsuefecit,

234 3547 341 3625 quum
357 3519 578 3614 uestimentis
583 3517 733 3617 suendis
749 3516 793 3592 θ’
804 3513 1009 3610 fimbriatis
1025 3517 1271 3612 conficiendis,
1301 3525 1392 3624 quin
1420 3525 1534 3598 etiam
1551 3525 1687 3624 saepius

233 3652 329 3732 mala
345 3677 454 3757 quam
472 3647 563 3759 lona
570 3655 763 3752 patravit;
781 3671 935 3759 quarum
950 3675 1070 3725 rerum
1086 3677 1198 3728 comes
1217 3679 1295 3729 eam
1314 3678 1394 3729 cum
1410 3657 1627 3756 increparet,
1643 3661 1686 3735 irc

224 3788 348 3892 sylvas
354 3787 536 3879 avolavit,
554 3781 676 3891 ilique
690 3780 908 3883 domumstbr'
916 3783 1076 3860 condidit
1086 3783 1131 3861 ὃ*
1145 3785 1364 3888 adpecunias
1376 3787 1561 3890 parandas
1577 3783 1686 3868 lomi·

236 3913 297 3998 nes
312 3921 516 4022 interfecit.
582 3915 709 4002 Comes
724 3935 843 3999 autem
862 3913 920 3995 lic
935 3918 1147 3996 latrociniis
1166 3918 1385 4026 &sylvestri
1399 3921 1541 4001 latrone
1563 3926 1686 4030 cogni·

855 4107 858 4112 -
894 4053 927 4129 F
961 4079 981 4129 2
1559 4060 1623 4154 tis,

233 4215 399 4232 -ω-
410 4212 1569 4236 *ΜΜῌᾙ-*Ψη*
1580 4222 1692 4237 ——

282 4289 342 4352 i.e.
358 4287 444 4352 Svufa
467 4288 539 4351 dicit
559 4291 638 4370 poffe
658 4289 740 4361 fore,
769 4305 805 4352 ut
825 4289 928 4351 abillo
1004 4289 1074 4376 (yn)
1097 4289 1210 4353 Hvotki
1233 4293 1281 4354 illt
1301 4315 1362 4357 ann
1383 4311 1453 4376 gott
1479 4297 1520 4359 tt.
1540 4293 1683 4376 11.e.p1u

220 4469 224 4476 ι
283 4413 401 4475 magunt
420 4391 541 4455 familie
564 4391 654 4455 ellent
675 4391 873 4465 descensuro,
896 4389 929 4456 ἃ
1041 4398 1115 4458 muli
1129 4415 1217 4477 quum
1230 4397 1307 4461 boni
1324 4397 1404 4462 fecit.

283 4496 339 4560 hnc
362 4499 476 4560 tutione
505 4494 559 4557 filii
574 4500 734 4577 Arngrimi
754 4495 927 4575 adjuvandi.
984 4575 989 4585 Ι

283 4605 432 4667 Ceterum
448 4617 511 4664 totu
525 4601 577 4664 issa
590 4603 714 4682 periodo
732 4605 828 4682 a(6u)
837 4621 930 4684 usque
996 4607 1064 4692 (qe)
1088 4603 1167 4666 Rlns
1198 4603 1316 4669 addunt
1350 4609 1391 4671 Α.
1410 4611 1450 4674 D.
1465 4613 1503 4678 G.
1518 4613 1561 4688 L.
1596 4613 1692 4696 δεῖμ’

285 4707 325 4772 ud
342 4709 411 4795 (qo)
435 4723 542 4788 prater
565 4711 612 4784 M.
632 4709 666 4770 E.
686 4710 726 4772 H.
745 4709 802 4780 K..
825 4721 927 4772 (ποτε
1039 4729 1148 4776 nunno
1161 4711 1283 4779 addunt·
1299 4717 1333 4778 Β.
1342 4703 1419 4782 CF.

286 4817 389 4878 omniu
408 4827 521 4877 curent.
