4858 6274
458 644 880 736 ‚HERVARAR
923 645 1123 733 SAGA.
1189 656 1287 738 Coe.
1323 641 1467 736 xv111.
1525 671 1624 745 -201

227 847 363 951 campis
379 849 534 944 austrum
549 849 766 950 uersussttis
783 873 847 926 vos
861 847 1077 952 adpugnam
1095 851 1235 943 invito,
1267 853 1332 956 qod
1349 857 1417 960 qvi
1422 859 1569 958 priores
1587 883 1689 934 vene·

198 1057 199 1062 ,
226 986 325 1076 rint,
358 983 491 1060 alteros
505 983 725 1086 exspetient,
747 980 835 1086 jam
858 984 982 1082 rursus
1004 983 1057 1058 ad
1075 979 1195 1060 urbem
1216 976 1351 1063 Ormue
1369 1013 1455 1093 eqvo
1480 984 1689 1092 vebebatun

228 1134 306 1195 tum
324 1109 498 1196 Hervora
515 1143 594 1194 eum
615 1119 785 1219 omnisne
812 1122 980 1194 exercitu
1005 1116 1057 1192 ad
1069 1119 1235 1220 pralium
1254 1121 1402 1222 prorsus
1423 1138 1507 1199 erat
1530 1141 1688 1224 parata,

227 1249 283 1328 ibi
297 1251 422 1329 deinde
438 1277 518 1328 cum
533 1249 695 1328 omnibus
709 1256 824 1353 copiis
838 1247 882 1327 ab
895 1247 981 1328 urbe
1000 1244 1151 1331 Hunnis
1168 1257 1210 1330 in
1225 1255 1407 1354 occursum
1422 1261 1610 1360 equitant,
1647 1283 1691 1334 ac

226 1377 310 1461 dein
327 1411 501 1488 magnum
518 1402 700 1463 certamen
723 1391 847 1486 capit,
880 1405 990 1490 atqve
1007 1387 1079 1461 citt
1093 1387 1209 1462 clades
1225 1392 1485 1464 inexercitum
1511 1383 1693 1468 Heroorae
1768 1449 1774 1460 .

227 1519 274 1614 est
288 1517 474 1616 conversta,
492 1533 602 1594 erant
618 1523 714 1597 enim
733 1511 866 1596 Hunni
882 1546 1028 1596 numero
1046 1524 1228 1620 copiarum
1246 1521 1350 1624 longi
1359 1522 1567 1621 superiores
1571 1553 1588 1619 ,·
1620 1517 1690 1604 Or·

227 1677 307 1727 mus
321 1653 362 1726 in
371 1642 590 1728 Hunnorum
607 1657 810 1728 exercitum
821 1679 906 1758 equo
915 1653 1036 1728 vetius
1041 1652 1209 1752 proceffit
1215 1707 1227 1748 ,
1250 1669 1375 1759 totque
1388 1649 1546 1734 homines
1574 1663 1691 1734 inter·

219 1785 337 1886 feeit,
354 1801 531 1862 uteorum
546 1813 732 1864 numerum
745 1787 897 1864 ineundo
914 1783 1308 1887 tempusconfiama‘tur,
1333 1814 1397 1864 nec
1414 1789 1489 1866 ulla
1513 1793 1692 1894 uitaspes

228 1919 301 1998 illis
318 1936 401 1996 erat
414 1923 578 2026 reliqna,
595 1919 648 1994 ad
662 1945 747 2024 qvos
765 1920 843 2018 ense
856 1915 1112 2022 pertingebat,
1132 1916 1323 2025 ambasque
1331 1924 1517 1999 mannsad
1526 1919 1690 2003 bumeror

232 2081 340 2160 usqae
351 2034 709 2158 scangvinerespersas
720 2046 883 2128 babebat.
917 2045 1143 2151 Vidensjom
1157 2043 1330 2129 Hervora
1328 2055 1417 2154 fleas
1425 2061 1545 2158 copias
1551 2061 1688 2154 cadere,

232 2192 297 2268 irai
308 2189 411 2267 valde
423 2191 588 2290 percita,
606 2189 778 2292 utrinque
791 2180 951 2263 homines
970 2211 1143 2292 equosque
1174 2186 1341 2288 difflant,
1349 2189 1423 2287 sex
1439 2184 1598 2268 bominac
1607 2221 1691 2298 qvo·

231 2326 291 2401 vis
299 2323 374 2400 ieta
381 2322 616 2417 interficiens,
631 2346 750 2398 omnes
752 2322 796 2420 se
816 2325 975 2423 recipere
993 2323 1131 2425 coegit,
1153 2320 1250 2397 leoni
1264 2349 1371 2426 qvam
1389 2317 1692 2425 bominifimilior

231 2453 449 2550 videbatur,·
466 2461 642 2534 neminem
658 2455 741 2532 adeo
757 2451 931 2551 robustum
944 2451 1087 2531 obviam
1103 2449 1249 2548 babuit,
1269 2459 1358 2562 quin
1372 2483 1458 2532 mooe
1474 2463 1593 2535 vitam
1613 2485 1692 2535 cum

231 2607 346 2671 morte
360 2605 618 2683 commutaret,
634 2604 797 2666 attamen
815 2603 930 2666 tanta
947 2595 990 2666 vi
998 2645 1009 2682 ,
1026 2615 1099 2693 qva
1113 2617 1192 2664 cum
1208 2594 1245 2666 ei
1260 2615 1318 2664 res
1337 2605 1438 2680 erat,
1460 2590 1692 2688 refisterenon

223 2729 367 2830 potuit,
385 2723 502 2799 decern
517 2721 785 2822 mibiasuorum
800 2736 878 2798 tum
894 2722 1120 2814 ceciderant,
1138 2736 1217 2795 tum
1232 2719 1283 2794 ad
1292 2713 1623 2820 Htodamelamans,
1633 2729 1692 2803 ini

231 2885 388 2951 mecum,
402 2858 527 2950 dixit,
542 2853 708 2947 duellum,
718 2853 898 2960 fiquidem
917 2855 1112 2955 animosum
1126 2879 1188 2930 cor
1201 2854 1315 2931 virile
1336 2852 1410 2939 tibi
1412 2857 1489 2958 stt,
1525 2885 1596 2936 non
1612 2886 1690 2964 ego,

232 2992 415 3096 respondet
422 2983 561 3068 Hl'o'dns
569 3045 580 3084 ,
587 2990 697 3090 soror
704 2989 722 3065 !
733 2993 853 3066 vitam
862 2987 1074 3088 tuamfitio,
1091 3004 1167 3064 tum
1175 2989 1263 3088 suos
1278 3015 1356 3066 eam
1371 2986 1690 3094 manibuspreben·

233 3128 316 3205 dere
317 3123 445 3230 juffit,
468 3123 522 3204 fit.
536 3129 578 3202 in
611 3126 730 3221 nostra
744 3126 920 3227 potestate
940 3129 1102 3224 primum
1127 3119 1423 3217 commorabitur,
1447 3101 1521 3201 bae
1545 3127 1693 3206 audiena

233 3255 424 3351 Hervora,
442 3282 564 3335 rerum
593 3263 749 3332 omnium
770 3261 984 3358 impatiens,
1007 3231 1186 3361 qoicqaid
1200 3254 1341 3335 obvium
1359 3274 1460 3349 erat,
1488 3264 1690 3356 interemit,

233 3389 297 3471 boc
313 3392 411 3470 modo
427 3389 677 3494 diuproceffit,
701 3405 779 3465 tum
804 3393 916 3491 ipsam
942 3395 1130 3467 exercitus
1146 3389 1311 3492 petebat,
1334 3408 1376 3468 at
1402 3391 1465 3469 illa
1486 3421 1605 3472 omnes
1618 3392 1693 3496 fibi

227 3529 418 3632 proximos
433 3523 645 3622 interfecit,
669 3518 830 3597 donecab
856 3547 943 3625 equo
964 3521 1143 3598 decideret
1161 3529 1362 3618 exanimis,
1384 3539 1462 3602 tum
1476 3554 1525 3603 ex
1543 3555 1604 3605 ore
1616 3525 1693 3627 ejus

233 3665 363 3766 magni
367 3659 567 3762 fiengainis
582 3671 770 3732 currentes
790 3649 1018 3746 emanabant,
1034 3653 1080 3731 ἐν’
1096 3649 1260 3734 anhelitu
1279 3661 1391 3739 nimio
1407 3662 1444 3734 ei
1458 3660 1596 3758 viscera
1621 3662 1710 3739 dio,

224 3797 352 3898 stlicffe
368 3816 486 3870 omnes
500 3785 688 3868 ducebant.
721 3815 820 3866 nemo
829 3789 946 3889 fando
962 3789 1134 3889 audiviffe
1151 3786 1360 3884 videbatur,
1380 3792 1564 3869 mulierem
1587 3795 1697 3872 ullam

236 3947 312 4008 tom
320 3929 483 4029 fortiter
494 3923 686 4029 pugneiffe,
711 3921 836 3998 deinde
860 3914 1001 3999 Hlodus
1020 3921 1118 3998 illam
1139 3951 1270 4028 magno
1295 3921 1426 4002 bonore
1446 3929 1693 4006 tumulandam

238 4066 405 4152 curavit,
439 4051 708 4156 Ormusautem
725 4046 932 4131 Hervoram
948 4051 1143 4156 occubuaffe
1160 4059 1303 4151 videns,
1325 4086 1373 4136 ex
1386 4061 1515 4162 prelio
1539 4064 1696 4176 multum

236 4195 466 4284 vulneratus,
505 4189 550 4267 fe’
572 4215 691 4267 ornnes
713 4187 779 4295 qvi
794 4204 930 4288 perum
958 4184 1146 4283 valebant,
1184 4193 1430 4297 aufugerunt,
1464 4186 1599 4273 Ormus
1627 4196 1693 4274 din

1458 4329 1629 4436 noiiccqve

834 4517 1151 4536 *a

285 4643 340 4684 um
363 4615 433 4680 fidit
458 4614 511 4677 fell
538 4617 671 4686 Hecvba,
696 4612 737 4674 ok
771 4611 859 4680 mikit
879 4610 928 4686 ,lid
1037 4611 1384 4696 occubuit,&magnae
1405 4617 1498 4698 eopia
1519 4615 1691 4700 ipsumcir·

284 4722 423 4792 umverfis
440 4723 528 4787 huna.
549 4719 580 4782 h.
601 4740 626 4780 e.
651 4717 773 4782 tandem
794 4719 929 4782 Hectora
1042 4719 1201 4784 cumcirea.

927 4829 1005 4907 Cc
