4842 6296
1574 591 1645 700 ta

240 894 400 985 illustris
424 883 604 998 claviger
630 865 747 992 qvod
769 859 882 952 idem
908 817 1493 958 estgeum'exemplarilittera
1507 804 1562 906 L.
1585 812 1706 930 supra

242 1050 401 1118 notato.
471 1020 682 1122 Qvartum,
712 988 1018 1088 subminstravit
1055 970 1269 1087 exemplar
1305 943 1548 1074 impressum
1594 973 1707 1036 vere·
1748 969 1780 1026 ,·

243 1167 402 1252 lienum
428 1156 561 1241 littera
587 1144 633 1228 K.
657 1140 887 1252 signatum,
921 1117 1049 1206 habet
1070 1112 1151 1197 hoc
1177 1097 1390 1212 exemplar
1416 1111 1577 1176 textum
1594 1105 1718 1170 men.

248 1293 410 1397 dolum,
430 1285 614 1402 maxime
633 1268 749 1390 qvod
766 1260 818 1348 ad
842 1243 1181 1364 orthographiam
1203 1238 1359 1332 attinet,
1391 1210 1710 1315 in'earminibus

248 1427 437 1548 qvaedam
460 1439 611 1534 parum
641 1405 807 1514 antiqve
844 1387 1022 1502 sapiunt,
1057 1398 1181 1490 atqve
1212 1367 1316 1452 adeo
1344 1360 1491 1445 merito
1533 1332 1713 1462 suspesta

252 1559 368 1664 sunt,
403 1573 602 1667 tanqvam
635 1567 659 1626 a
695 1528 926 1620 recentiore
958 1510 1143 1631 qvodam
1164 1497 1326 1590 lssando
1355 1491 1433 1576 fint
1457 1486 1715 1580 concinnata,

254 1712 500 1814 qvaeunqve
514 1681 690 1767 demum
708 1664 760 1752 de
790 1643 916 1757 eausa,
952 1647 1056 1736 dum
1079 1641 1183 1726 liber
1200 1627 1424 1731 edebatur3
1458 1623 1552 1704 ineo
1577 1631 1717 1701 tamen

175 1914 179 1922 ,
254 1829 422 1918 laudem
461 1837 646 1906 meretur
686 1792 829 1888 verelii
856 1751 1016 1885 Editio,
1051 1769 1165 1891 qvod
1203 1793 1285 1880 prae
1318 1756 1529 1873 plerisqve
1564 1745 1721 1858 eaeteris

797 1944 875 2038 put
922 1913 1119 1998 ultimum
1156 1891 1341 2011 respeElu
1380 1862 1721 2002 genealogiamm

862 2049 1054 2165 Deniqve
1093 2033 1252 2122 illustris
1293 2023 1442 2111 Editor
1478 2007 1555 2101 sub¹
1599 2009 1722 2096 minis

262 2096 421 2216 oppido
455 2062 777 2174 momentosum.

263 2234 384 2331 travit
413 2207 641 2328 Exemplar
673 2205 718 2285 in
750 2193 909 2294 Qvarto
953 2169 1263 2283 transscriptum
1295 2183 1349 2242 ex
1383 2137 1573 2262 fasciculo
1613 2139 1723 2234 char·

265 2389 381 2458 taceo
408 2353 531 2468 legati
551 2328 788 2456 Magnaeani
816 2314 903 2406 No.
923 2330 1026 2426 345,
1059 2302 1186 2390 habet
1212 2271 1550 2419 hoe'EttempIar
1576 2256 1726 2396 moltan

264 2494 492 2590 sententias,
509 2469 723 2592 ,periodos
740 2460 782 2546 δι
806 2453 1036 2545 relationes,
1071 2434 1224 2552 qvibus
1242 2428 1383 2512 omnia
1410 2439 1553 2542 caetera
1573 2428 1728 2512 carent,

267 2627 386 2750 qvod
424 2623 549 2736 igitur
582 2627 633 2693 ut
657 2583 1023 2706 completiffimum
1058 2559 1322 2654 fundamenti
1348 2555 1441 2646 loeo
1476 2520 1731 2670 ponentium

269 2760 501 2854 videbatur,
519 2771 566 2830 ae
584 2741 698 2848 litera
718 2726 782 2812 M.
803 2736 1007 2832 notatum.
1076 2697 1283 2785 Prolixam
1303 2683 1430 2773 habet
1452 2677 1732 2768 narrationem

272 2898 406 3007 rapite
435 2877 667 3000 penultimo
687 2862 739 2948 de
768 2849 884 2972 bello·
905 2840 1081 2929 fratrum
1109 2822 1364 2958 Angantyris
1391 2813 1436 2898 81
1459 2807 1613 2908 Hlo'di,
1628 2865 1632 2909 z
1649 2799 1733 2915 qvi

275 3049 419 3130 oaetera
451 3013 591 3100 omnia
618 3015 779 3092 carent,
816 2977 933 3090 eujus
962 2995 1104 3057 tamen
1140 2939 1352 3045 relationis'
1378 2923 1634 3057 Authoritas‘
1656 2912 1735 3024 sus·t

272 3154 406 3276 spotia
419 3143 577 3236 haberi.
593 3149 788 3222 meretur,
822 3129 995 3226 propter
1011 3103 1187 3184 rationes
1203 3085 1272 3172 suo
1289 3081 1383 3168 loco
1404 3071 1620 3178 dicendas3
1643 3044 1761 3152 'hoe'

278 3314 418 3381 tamen
445 3264 673 3382 Exemplar
706 3248 965 3368 potiffimom
995 3214 1168 3318 seeutus¹
1186 3218 1298 3326 sum3
1331 3207 1401 3298 sed
1428 3197 1481 3303 ita¹
1515 3184 1657 3312 caute,
1692 3219 1740 3284 ut

279 3424 442 3534 semper
463 3401 634 3499 varianti
660 3383 841 3504 apposita
862 3375 995 3460 littera
1022 3361 1088 3448 M.
1111 3352 1385 3472 significatum
1409 3335 1456 3426 fit
1481 3333 1563 3421 hoo
1588 3327 1740 3425 Exem-

529 3535 535 3544 “
697 3511 991 3606 commatium,
1017 3495 1125 3580 hane
1162 3479 1387 3600 periodum
1411 3467 1478 3584 vel
1506 3465 1614 3552 hane
1645 3459 1743 3550 rela-

655 3719 658 3726 ·
684 3649 751 3736 vel
773 3649 896 3732 etiam
921 3653 1064 3719 oaetern
1092 3621 1233 3728 omnia
1262 3605 1409 3702 eadem
1437 3573 1608 3718 ratere.‘
1655 3579 1744 3707 Ex.

771 3800 857 3866 rate
886 3747 981 3856 sunt
1008 3753 1172 3856 collata,
1214 3745 1257 3832 &
1285 3724 1431 3862 srqtmd
1458 3717 1745 3834 commatium,

285 3819 480 3934 emplaria
506 3800 770 3907 omniaaceu

287 3949 512 4075 periodum
542 3932 609 4026 vel
646 3920 890 4012 relationem
921 3896 1048 3986 habet
1089 3909 1225 3972 unum
1258 3873 1325 3974 vel
1362 3861 1481 3983 plura
1518 3857 1586 3948 vel
1620 3863 1745 3947 etiam

288 4089 499 4182 omittant,
533 4069 616 4156 hoe
639 4083 714 4174 per
738 4039 913 4158 fingulas
932 4033 1083 4118 litteras
1100 4013 1269 4130 duplas,
1305 4001 1463 4117 triplos,
1497 3976 1746 4108 qvadruplae¹

207 4299 210 4306 .
289 4223 400 4317 lim,
449 4206 542 4322 post
581 4191 808 4284 variantem
848 4167 1075 4264 indicatum
1119 4150 1203 4250 est,
1256 4139 1330 4228 ubi
1374 4135 1498 4218 etiam
1543 4129 1586 4212 in
1634 4117 1751 4247 lensq

293 4339 542 4460 exemplaria
560 4335 667 4413 inter
684 4317 722 4403 se
743 4303 1008 4398 conveniunt,
1043 4284 1112 4373 sed
1127 4286 1170 4368 in
1185 4268 1321 4362 verbis
1339 4265 1382 4351 81
1398 4247 1748 4375 loqvendi‘r'nodis

294 4481 546 4589 discrepant,
588 4446 812 4568 fiqvidem
846 4450 1006 4521 novum
1036 4411 1250 4533 qvoddam
1274 4395 1527 4504 vocabulum
1554 4387 1621 4472 vel
1641 4411 1751 4471 nova

297 4611 486 4735 qvaedam
516 4587 669 4712 phrasis
703 4587 915 4673 occurrat3
958 4556 1082 4642 etiam
1114 4542 1294 4630 variante
1318 4528 1469 4616 notavi.
1514 4519 1588 4606 ln
1617 4521 1751 4634 capiti·

297 4753 388 4875 bus·
404 4721 671 4862 nomeraodis
706 4712 766 4832 &¹
784 4686 1076 4828 dillingvendis
1096 4667 1319 4802 'Veretum
1340 4655 1428 4753 fere
1458 4654 1632 4797 secutus·
1649 4647 1751 4758 sum,

620 4858 622 4864 ’
1568 4803 1687 4896 eurus
1812 4839 1815 4853 .
