4858 6274
514 599 896 714 HERVARAR
935 601 1130 690 SAGA.
1204 610 1305 689 Cur.
1338 604 1442 695 XIX.
1556 629 1652 722 229
1688 663 1692 674 .

241 805 418 908 spondens
432 804 630 909 negauitse
640 804 767 898 fidens,
800 824 878 910 quae
901 801 1090 900 reiiiffirsa
1117 803 1222 904 effes,
1255 803 1496 908 abjetiurnnr‚
1516 824 1594 886 tuns
1607 799 1715 887 Soio·

252 964 314 1015 nes
352 939 595 1036 uocaserantes
625 935 803 1039 lapidibus
833 962 912 1014 euns
941 952 1146 1035 vexarunt,
1173 936 1263 1016 &e
1294 944 1456 1017 comitiis
1469 941 1714 1044 pepulerunt,·
1851 931 1852 936 ¹

253 1064 395 1150 Soenus
410 1065 527 1174 Regis
540 1069 660 1162 affinis
674 1075 715 1148 in
734 1074 894 1148 comitiis
911 1095 1113 1164 remanens,
1144 1065 1277 1146 obtulit
1290 1072 1335 1171 se
1361 1065 1559 1152 Suionibus
1573 1074 1712 1151 sultuns

252 1205 517 1282 idololatricam
543 1203 853 1297 confirmaturum,
882 1203 1059 1308 fiqoidens
1089 1197 1211 1309 Regio
1228 1209 1447 1307 principatu
1459 1207 1504 1306 se
1521 1207 1710 1298 donarent,

251 1332 315 1412 hoc
331 1364 449 1413 onmes
468 1337 653 1430 affirmant
658 1337 702 1436 se
716 1339 900 1437 saliuros,
942 1353 1020 1412 tuns
1043 1329 1187 1414 Suenus
1215 1342 1331 1415 totius
1352 1330 1527 1416 Sviouiae.
1541 1333 1630 1418 Ren
1653 1339 1711 1416 de·

252 1471 413 1546 claratus
431 1471 496 1566 est,
516 1485 593 1544 turn
606 1475 647 1545 in
666 1475 816 1546 comitia
829 1495 938 1574 equus
946 1468 1140 1570 produttus
1158 1467 1203 1546 ἔθ’
1224 1471 1387 1569 diffetlus
1407 1470 1458 1546 ad
1465 1472 1711 1550 consedendum

251 1603 455 1694 dividitur;
487 1617 529 1676 at
545 1601 686 1705 ,lignum
706 1601 979 1678 idololatricam
991 1603 1178 1704 sangvine
1198 1598 1397 1680 ilinebnnt.
1439 1595 1537 1681 Turn
1554 1598 1711 1684 Suiones

250 1763 370 1812 onmes
402 1729 711 1835 Christianismum
748 1731 982 1836 abjicientes,
1021 1734 1158 1811 culturn
1190 1736 1456 1813 idololatricuns
1485 1753 1710 1839 receperunt,

239 1869 312 1970 sed
323 1863 455 1972 lugam
474 1861 614 1970 Regem
631 1865 861 1969 depulerunt,
879 1853 944 1970 poi
959 1869 1001 1942 in
1021 1861 1200 1944 Gouriane
1218 1868 1519 1965 occidentalenrfe
1534 1873 1710 1962 contulit‚·

251 1995 393 2080 Soenus
410 2001 606 2077 idololatra
627 2015 703 2076 tres
716 1994 853 2104 hyemes
872 1994 1048 2076 Suionum
1062 2001 1209 2093 exstitit
1224 1994 1322 2078 Rex.
1392 1998 1479 2082 Rex
1490 1995 1607 2106 Ingus
1626 2027 1708 2080 cuns

239 2133 420 2234 satellitio
436 2133 481 2210 θ’
501 2133 693 2238 aliquanta
714 2135 879 2234 flatlione
889 2131 1095 2233 proselitis,
1130 2137 1263 2231 parurn
1298 2148 1420 2209 tannen
1440 2126 1567 2211 latuit
1590 2141 1707 2238 capia·

252 2295 355 2361 rum,
382 2265 767 2366 illeversusortansper
784 2259 1031 2342 Smilandians
1054 2262 1099 2340 θ’
1116 2259 1297 2344 Gautiam
1317 2266 1527 2341 orientalem
1554 2293 1598 2343 ac
1622 2267 1707 2348 inde

249 2408 292 2480 in
315 2395 508 2478 Suionians
534 2401 597 2476 diu
619 2401 809 2504 notituqoe
832 2423 920 2502 equo
955 2399 1096 2485 uellus,
1134 2389 1256 2475 ‘Soeno
1277 2401 1465 2499 inopinato
1477 2399 1707 2500 supervenit,

250 2535 305 2612 ili
323 2535 460 2610 dornnrn
476 2558 606 2610 corona
627 2548 817 2633 ceperunt,
843 2530 888 2607 iffi
909 2534 995 2634 igni
1015 2526 1176 2630 subjetio
1199 2555 1334 2621 omnes,
1373 2537 1438 2634 qvi
1457 2535 1558 2606 intus
1583 2549 1705 2629 erant,

250 2664 526 2766 combufferunt,
559 2669 660 2740 inter
677 2691 763 2768 qvos
777 2670 840 2738 vir
856 2661 986 2738 nabilis
1000 2666 1141 2738 nornine
1153 2656 1309 2760 Thiasus
1319 2659 1414 2759 (sur)
1424 2654 1583 2740 Svenurn
1598 2665 1705 2743 idolo·

250 2802 386 2880 latrans
408 2799 689 2898 ureteasecutus,
722 2790 866 2872 Sarnus
882 2799 982 2871 exiit
1001 2793 1045 2869 ft*
1063 2821 1082 2868 e
1101 2796 1250 2898 voeslr'gio
1269 2797 1483 2895 interfeilus
1499 2799 1558 2892 est.
1606 2791 1705 2876 Turn

251 2929 365 3038 Ingus
382 2932 492 3006 denuo
508 2936 548 3007 in
564 2925 717 3006 Suiones
737 2935 878 3032 regium
890 2933 1144 3029 principatum
1155 2935 1313 3029 accepit,
1359 2927 1403 3004 δ”
1427 2930 1569 3029 rursum
1595 2923 1705 3009 Gla·-

242 3069 401 3162 stianans
420 3049 864 3168 religionemernendavit,
903 3062 955 3136 ad
978 3078 1128 3137 nsortern
1154 3087 1263 3165 usque
1285 3066 1482 3166 regnauit,
1515 3059 1706 3172 morboque

217 3215 221 3226 '
248 3201 461 3301 exspiravit.
529 3188 656 3273 Filius
672 3189 1022 3296 RegistSteinkellis
1045 3199 1188 3270 nomine
1212 3189 1407 3292 Hallstein‚
1441 3221 1515 3272 nnn
1543 3222 1625 3272 curn
1642 3191 1703 3274 In·

244 3359 293 3438 go
304 3335 391 3432 fnit'
405 3324 502 3409 Rex.
585 3321 680 3404 fini
700 3317 911 3422 Hollsteinis
941 3344 1049 3404 erant
1070 3322 1260 3426 Philippus
1281 3327 1326 3403 δ”
1343 3323 1478 3431 lngus,
1522 3335 1588 3435 qui
1609 3323 1704 3435 lngo

248 3459 350 3568 Regi
359 3459 479 3563 prisco
495 3465 535 3536 in
545 3452 708 3538 Suioniae
718 3484 828 3562 regno
836 3460 1100 3557 succefforunt,
1120 3455 1310 3560 Philippus
1324 3453 1562 3562 Ingigerdam
1583 3462 1704 3556 filiunt

247 3591 366 3702 Regis
384 3587 545 3673 Haraldi
558 3592 636 3688 filii
645 3584 806 3694 Sigurdi
815 3594 856 3666 in
866 3594 1099 3667 ruatrineonio
1108 3585 1248 3682 natiuit,
1261 3591 1322 3666 ille
1331 3589 1435 3667 brevi
1451 3587 1540 3672 Rex
1547 3596 1645 3695 fuit.
1749 3581 1752 3598 ⁸

246 3771 837 3794 ...u—*umn-

248 3869 302 3952 (25
312 3871 348 3954 g)
371 3861 558 3938 Risttleiddi,
575 3863 657 3926 Μ.
936 3864 1036 3950 (25⁶)
1061 3865 1147 3938 Tok,
1174 3869 1215 3928 A.
