<?xml version="1.0" encoding="UTF-8"?>
<!DOCTYPE html PUBLIC "-//W3C//DTD XHTML 1.0 Transitional//EN"
    "http://www.w3.org/TR/xhtml1/DTD/xhtml1-transitional.dtd">
<html xmlns="http://www.w3.org/1999/xhtml" xml:lang="en" lang="en">
 <head>
  <title>
</title>
<meta http-equiv="Content-Type" content="text/html;charset=utf-8" />
  <meta name='ocr-system' content='tesseract 3.04.00' />
  <meta name='ocr-capabilities' content='ocr_page ocr_carea ocr_par ocr_line ocrx_word'/>
</head>
<body>
  <div class='ocr_page' id='page_1' title='image "./hervararsagaokh00bjgoog_0045.png"; bbox 0 0 4842 6296; ppageno 0'>
   <div class='ocr_carea' id='block_1_1' title="bbox 558 641 1662 762">
    <p class='ocr_par' dir='ltr' id='par_1_1' title="bbox 558 641 1662 762">
     <span class='ocr_line' id='line_1_1' title="bbox 558 641 1662 762; baseline 0.03 -34"><span class='ocrx_word' id='word_1_1' title='bbox 558 641 1435 742; x_wconf 61' lang='lat' dir='ltr'><em>HERVARAR.SAGa...emu.</em></span> <span class='ocrx_word' id='word_1_2' title='bbox 1603 648 1662 762; x_wconf 75' lang='lat' dir='ltr'><em>tt</em></span> 
     </span>
    </p>
   </div>
   <div class='ocr_carea' id='block_1_2' title="bbox 227 835 1849 3350">
    <p class='ocr_par' dir='ltr' id='par_1_2' title="bbox 227 835 1849 3350">
     <span class='ocr_line' id='line_1_2' title="bbox 256 835 1849 958; baseline -0.003 -28"><span class='ocrx_word' id='word_1_3' title='bbox 256 853 450 958; x_wconf 80' lang='lat' dir='ltr'><em>facilitate</em></span> <span class='ocrx_word' id='word_1_4' title='bbox 467 875 510 928; x_wconf 94' lang='lat' dir='ltr'><em>ac</em></span> <span class='ocrx_word' id='word_1_5' title='bbox 527 853 736 947; x_wconf 83' lang='lat' dir='ltr'><em>vestimenta</em></span> <span class='ocrx_word' id='word_1_6' title='bbox 740 843 938 950; x_wconf 77' lang='lat' dir='ltr'><em>scinderet.</em></span> <span class='ocrx_word' id='word_1_7' title='bbox 974 837 1103 928; x_wconf 83' lang='lat' dir='ltr'><em>deinde</em></span> <span class='ocrx_word' id='word_1_8' title='bbox 1131 835 1282 952; x_wconf 77' lang='lat' dir='ltr'><em>magnae</em></span> <span class='ocrx_word' id='word_1_9' title='bbox 1296 846 1371 948; x_wconf 83' lang='lat' dir='ltr'><em>fibi</em></span> <span class='ocrx_word' id='word_1_10' title='bbox 1399 847 1492 926; x_wconf 70' lang='lat' dir='ltr'><em>ictas</em></span> <span class='ocrx_word' id='word_1_11' title='bbox 1515 849 1717 949; x_wconf 78' lang='lat' dir='ltr'><em>inferentes</em></span> <span class='ocrx_word' id='word_1_12' title='bbox 1845 883 1849 894; x_wconf 95' lang='lat'>·</span> 
     </span>
     <span class='ocr_line' id='line_1_3' title="bbox 264 961 1718 1090; baseline -0.006 -24"><span class='ocrx_word' id='word_1_13' title='bbox 264 987 416 1066; x_wconf 91' lang='lat' dir='ltr'><em>duellare</em></span> <span class='ocrx_word' id='word_1_14' title='bbox 433 1002 626 1088; x_wconf 89' lang='lat' dir='ltr'><em>ceperunt,</em></span> <span class='ocrx_word' id='word_1_15' title='bbox 661 1000 770 1090; x_wconf 87' lang='lat' dir='ltr'><em>atqve</em></span> <span class='ocrx_word' id='word_1_16' title='bbox 787 981 893 1060; x_wconf 91' lang='lat' dir='ltr'><em>breve</em></span> <span class='ocrx_word' id='word_1_17' title='bbox 902 983 1067 1084; x_wconf 85' lang='lat' dir='ltr'><em>spatium</em></span> <span class='ocrx_word' id='word_1_18' title='bbox 1086 961 1197 1073; x_wconf 80' lang='lat' dir='ltr'><em>abiit,</em></span> <span class='ocrx_word' id='word_1_19' title='bbox 1216 971 1346 1056; x_wconf 63' lang='lat' dir='ltr'><em>i‘donec</em></span> <span class='ocrx_word' id='word_1_20' title='bbox 1367 973 1599 1060; x_wconf 85' lang='lat' dir='ltr'><em>Hi&#39;o&#39;rvardus</em></span> <span class='ocrx_word' id='word_1_21' title='bbox 1619 974 1718 1057; x_wconf 81' lang='lat' dir='ltr'><em>bumi</em></span> 
     </span>
     <span class='ocr_line' id='line_1_4' title="bbox 257 1109 1717 1224; baseline -0.003 -28"><span class='ocrx_word' id='word_1_22' title='bbox 257 1115 508 1224; x_wconf 79' lang='lat' dir='ltr'><em>procumberet</em></span> <span class='ocrx_word' id='word_1_23' title='bbox 524 1119 720 1197; x_wconf 78' lang='lat' dir='ltr'><em>exanimis.</em></span> <span class='ocrx_word' id='word_1_24' title='bbox 765 1131 807 1190; x_wconf 91' lang='lat' dir='ltr'><em>at</em></span> <span class='ocrx_word' id='word_1_25' title='bbox 830 1110 894 1190; x_wconf 79' lang='lat' dir='ltr'><em>boc</em></span> <span class='ocrx_word' id='word_1_26' title='bbox 909 1119 1034 1190; x_wconf 81' lang='lat' dir='ltr'><em>caeteri</em></span> <span class='ocrx_word' id='word_1_27' title='bbox 1061 1129 1265 1205; x_wconf 84' lang='lat' dir='ltr'><em>cernentes,</em></span> <span class='ocrx_word' id='word_1_28' title='bbox 1281 1113 1404 1211; x_wconf 85' lang='lat' dir='ltr'><em>facies</em></span> <span class='ocrx_word' id='word_1_29' title='bbox 1421 1109 1646 1192; x_wconf 75' lang='lat' dir='ltr'><em>vehementer</em></span> <span class='ocrx_word' id='word_1_30' title='bbox 1660 1114 1717 1191; x_wconf 92' lang='lat' dir='ltr'><em>de·</em></span> 
     </span>
     <span class='ocr_line' id='line_1_5' title="bbox 261 1245 1717 1354; baseline -0.005 -25"><span class='ocrx_word' id='word_1_31' title='bbox 261 1250 556 1352; x_wconf 73' lang='lat' dir='ltr'><em>formairrent„&amp;</em></span> <span class='ocrx_word' id='word_1_32' title='bbox 571 1253 755 1354; x_wconf 85' lang='lat' dir='ltr'><em>margines</em></span> <span class='ocrx_word' id='word_1_33' title='bbox 757 1250 946 1347; x_wconf 85' lang='lat' dir='ltr'><em>scutorum</em></span> <span class='ocrx_word' id='word_1_34' title='bbox 960 1248 1242 1340; x_wconf 84' lang='lat' dir='ltr'><em>momorderunt,</em></span> <span class='ocrx_word' id='word_1_35' title='bbox 1263 1261 1306 1344; x_wconf 88' lang='lat' dir='ltr'><em>at</em></span> <span class='ocrx_word' id='word_1_36' title='bbox 1325 1245 1342 1320; x_wconf 78' lang='lat' dir='ltr'><em>b</em></span> <span class='ocrx_word' id='word_1_37' title='bbox 1361 1249 1486 1340; x_wconf 87' lang='lat' dir='ltr'><em>rostris</em></span> <span class='ocrx_word' id='word_1_38' title='bbox 1505 1273 1626 1322; x_wconf 88' lang='lat' dir='ltr'><em>eorum</em></span> <span class='ocrx_word' id='word_1_39' title='bbox 1634 1249 1717 1348; x_wconf 89' lang='lat' dir='ltr'><em>spu·</em></span> 
     </span>
     <span class='ocr_line' id='line_1_6' title="bbox 263 1367 1717 1484; baseline -0.004 -23"><span class='ocrx_word' id='word_1_40' title='bbox 263 1412 323 1463; x_wconf 85' lang='lat' dir='ltr'><em>ma</em></span> <span class='ocrx_word' id='word_1_41' title='bbox 346 1386 481 1484; x_wconf 89' lang='lat' dir='ltr'><em>copiosa</em></span> <span class='ocrx_word' id='word_1_42' title='bbox 504 1382 692 1484; x_wconf 88' lang='lat' dir='ltr'><em>impetuose</em></span> <span class='ocrx_word' id='word_1_43' title='bbox 709 1367 966 1477; x_wconf 86' lang='lat' dir='ltr'><em>effundebatur.</em></span> <span class='ocrx_word' id='word_1_44' title='bbox 1039 1369 1362 1455; x_wconf 84' lang='lat' dir='ltr'><em>TumHervarduc</em></span> <span class='ocrx_word' id='word_1_45' title='bbox 1373 1381 1550 1477; x_wconf 88' lang='lat' dir='ltr'><em>surrexit</em></span> <span class='ocrx_word' id='word_1_46' title='bbox 1564 1373 1717 1458; x_wconf 88' lang='lat' dir='ltr'><em>Oddum·</em></span> 
     </span>
     <span class='ocr_line' id='line_1_7' title="bbox 262 1505 1716 1624; baseline -0.002 -31"><span class='ocrx_word' id='word_1_47' title='bbox 262 1545 330 1624; x_wconf 87' lang='lat' dir='ltr'><em>qve</em></span> <span class='ocrx_word' id='word_1_48' title='bbox 343 1521 458 1592; x_wconf 87' lang='lat' dir='ltr'><em>armis</em></span> <span class='ocrx_word' id='word_1_49' title='bbox 466 1518 667 1618; x_wconf 89' lang='lat' dir='ltr'><em>appetivit,</em></span> <span class='ocrx_word' id='word_1_50' title='bbox 682 1541 740 1591; x_wconf 89' lang='lat' dir='ltr'><em>res</em></span> <span class='ocrx_word' id='word_1_51' title='bbox 756 1530 876 1590; x_wconf 88' lang='lat' dir='ltr'><em>autem</em></span> <span class='ocrx_word' id='word_1_52' title='bbox 890 1511 1252 1614; x_wconf 82' lang='lat' dir='ltr'><em>utipriusitacefflit,</em></span> <span class='ocrx_word' id='word_1_53' title='bbox 1267 1528 1309 1586; x_wconf 91' lang='lat' dir='ltr'><em>ut</em></span> <span class='ocrx_word' id='word_1_54' title='bbox 1316 1505 1472 1589; x_wconf 82' lang='lat' dir='ltr'><em>moriens</em></span> <span class='ocrx_word' id='word_1_55' title='bbox 1475 1516 1716 1614; x_wconf 88' lang='lat' dir='ltr'><em>prosternere·</em></span> 
     </span>
     <span class='ocr_line' id='line_1_8' title="bbox 262 1639 1716 1754; baseline -0.002 -27"><span class='ocrx_word' id='word_1_56' title='bbox 262 1665 338 1727; x_wconf 91' lang='lat' dir='ltr'><em>tur.</em></span> <span class='ocrx_word' id='word_1_57' title='bbox 370 1639 818 1747; x_wconf 80' lang='lat' dir='ltr'><em>adboseventusBerserki</em></span> <span class='ocrx_word' id='word_1_58' title='bbox 833 1651 1022 1751; x_wconf 82' lang='lat' dir='ltr'><em>rugientes</em></span> <span class='ocrx_word' id='word_1_59' title='bbox 1034 1645 1254 1754; x_wconf 71' lang='lat' dir='ltr'><em>lingvecore</em></span> <span class='ocrx_word' id='word_1_60' title='bbox 1269 1642 1490 1744; x_wconf 80' lang='lat' dir='ltr'><em>exserebant,</em></span> <span class='ocrx_word' id='word_1_61' title='bbox 1508 1647 1716 1743; x_wconf 84' lang='lat' dir='ltr'><em>dentesslri·</em></span> 
     </span>
     <span class='ocr_line' id='line_1_9' title="bbox 259 1775 1716 1884; baseline -0.002 -24"><span class='ocrx_word' id='word_1_62' title='bbox 259 1783 384 1860; x_wconf 83' lang='lat' dir='ltr'><em>dentes</em></span> <span class='ocrx_word' id='word_1_63' title='bbox 399 1783 547 1881; x_wconf 89' lang='lat' dir='ltr'><em>interse</em></span> <span class='ocrx_word' id='word_1_64' title='bbox 562 1777 788 1876; x_wconf 84' lang='lat' dir='ltr'><em>collidebant,</em></span> <span class='ocrx_word' id='word_1_65' title='bbox 809 1796 998 1856; x_wconf 89' lang='lat' dir='ltr'><em>taurorum</em></span> <span class='ocrx_word' id='word_1_66' title='bbox 1012 1781 1063 1854; x_wconf 91' lang='lat' dir='ltr'><em>ad</em></span> <span class='ocrx_word' id='word_1_67' title='bbox 1073 1783 1187 1875; x_wconf 80' lang='lat' dir='ltr'><em>infler</em></span> <span class='ocrx_word' id='word_1_68' title='bbox 1207 1775 1439 1884; x_wconf 84' lang='lat' dir='ltr'><em>mugiebant,</em></span> <span class='ocrx_word' id='word_1_69' title='bbox 1455 1796 1498 1856; x_wconf 98' lang='lat' dir='ltr'><em>ut</em></span> <span class='ocrx_word' id='word_1_70' title='bbox 1507 1798 1626 1883; x_wconf 83' lang='lat' dir='ltr'><em>petra</em></span> <span class='ocrx_word' id='word_1_71' title='bbox 1640 1807 1716 1857; x_wconf 90' lang='lat' dir='ltr'><em>mu·</em></span> 
     </span>
     <span class='ocr_line' id='line_1_10' title="bbox 255 1905 1715 2022; baseline -0.001 -30"><span class='ocrx_word' id='word_1_72' title='bbox 255 1921 383 2022; x_wconf 87' lang='lat' dir='ltr'><em>gitum</em></span> <span class='ocrx_word' id='word_1_73' title='bbox 401 1910 687 1991; x_wconf 83' lang='lat' dir='ltr'><em>reverberarent.</em></span> <span class='ocrx_word' id='word_1_74' title='bbox 745 1909 842 1989; x_wconf 88' lang='lat' dir='ltr'><em>Tum</em></span> <span class='ocrx_word' id='word_1_75' title='bbox 858 1905 1056 2017; x_wconf 86' lang='lat' dir='ltr'><em>Semingus</em></span> <span class='ocrx_word' id='word_1_76' title='bbox 1064 1917 1248 2014; x_wconf 85' lang='lat' dir='ltr'><em>prorupit,</em></span> <span class='ocrx_word' id='word_1_77' title='bbox 1259 1911 1441 1988; x_wconf 73' lang='lat' dir='ltr'><em>isidorum</em></span> <span class='ocrx_word' id='word_1_78' title='bbox 1452 1915 1715 2014; x_wconf 86' lang='lat' dir='ltr'><em>undecimsum·</em></span> 
     </span>
     <span class='ocr_line' id='line_1_11' title="bbox 259 2025 1715 2151; baseline -0.003 -24"><span class='ocrx_word' id='word_1_79' title='bbox 259 2075 338 2128; x_wconf 87' lang='lat' dir='ltr'><em>mus</em></span> <span class='ocrx_word' id='word_1_80' title='bbox 354 2047 399 2127; x_wconf 58' lang='lat' dir='ltr'><em>[d</em></span> <span class='ocrx_word' id='word_1_81' title='bbox 420 2041 826 2151; x_wconf 80' lang='lat' dir='ltr'><em>Angantyrisecundus</em></span> <span class='ocrx_word' id='word_1_82' title='bbox 840 2025 980 2125; x_wconf 82' lang='lat' dir='ltr'><em>Oddum</em></span> <span class='ocrx_word' id='word_1_83' title='bbox 996 2052 1110 2123; x_wconf 88' lang='lat' dir='ltr'><em>armis</em></span> <span class='ocrx_word' id='word_1_84' title='bbox 1126 2058 1205 2122; x_wconf 88' lang='lat' dir='ltr'><em>&#39;tam</em></span> <span class='ocrx_word' id='word_1_85' title='bbox 1220 2039 1445 2123; x_wconf 68' lang='lat' dir='ltr'><em>vehementer</em></span> <span class='ocrx_word' id='word_1_86' title='bbox 1464 2051 1656 2148; x_wconf 86' lang='lat' dir='ltr'><em>appetivit,</em></span> <span class='ocrx_word' id='word_1_87' title='bbox 1673 2063 1715 2123; x_wconf 88' lang='lat' dir='ltr'><em>ut</em></span> 
     </span>
     <span class='ocr_line' id='line_1_12' title="bbox 251 2173 1715 2290; baseline -0.001 -30"><span class='ocrx_word' id='word_1_88' title='bbox 251 2179 326 2285; x_wconf 87' lang='lat' dir='ltr'><em>fibi</em></span> <span class='ocrx_word' id='word_1_89' title='bbox 344 2180 471 2260; x_wconf 92' lang='lat' dir='ltr'><em>tuendo</em></span> <span class='ocrx_word' id='word_1_90' title='bbox 492 2185 591 2257; x_wconf 88' lang='lat' dir='ltr'><em>vires</em></span> <span class='ocrx_word' id='word_1_91' title='bbox 604 2206 721 2256; x_wconf 85' lang='lat' dir='ltr'><em>omnes</em></span> <span class='ocrx_word' id='word_1_92' title='bbox 736 2181 936 2282; x_wconf 89' lang='lat' dir='ltr'><em>impendere</em></span> <span class='ocrx_word' id='word_1_93' title='bbox 949 2181 1078 2282; x_wconf 84' lang='lat' dir='ltr'><em>neceffe</em></span> <span class='ocrx_word' id='word_1_94' title='bbox 1092 2173 1258 2272; x_wconf 78' lang='lat' dir='ltr'><em>baberet,</em></span> <span class='ocrx_word' id='word_1_95' title='bbox 1278 2177 1335 2290; x_wconf 82' lang='lat' dir='ltr'><em>illi</em></span> <span class='ocrx_word' id='word_1_96' title='bbox 1349 2180 1411 2257; x_wconf 92' lang='lat' dir='ltr'><em>diu</em></span> <span class='ocrx_word' id='word_1_97' title='bbox 1419 2184 1543 2281; x_wconf 88' lang='lat' dir='ltr'><em>secum</em></span> <span class='ocrx_word' id='word_1_98' title='bbox 1554 2187 1614 2259; x_wconf 88' lang='lat' dir='ltr'><em>ita</em></span> <span class='ocrx_word' id='word_1_99' title='bbox 1635 2208 1715 2258; x_wconf 89' lang='lat' dir='ltr'><em>cer-</em></span> 
     </span>
     <span class='ocr_line' id='line_1_13' title="bbox 260 2311 1715 2415; baseline 0 -21"><span class='ocrx_word' id='word_1_100' title='bbox 260 2332 393 2394; x_wconf 89' lang='lat' dir='ltr'><em>terunt</em></span> <span class='ocrx_word' id='word_1_101' title='bbox 400 2372 412 2409; x_wconf 96' lang='lat'><em>,</em></span> <span class='ocrx_word' id='word_1_102' title='bbox 445 2329 489 2392; x_wconf 95' lang='lat' dir='ltr'><em>ut</em></span> <span class='ocrx_word' id='word_1_103' title='bbox 506 2313 677 2415; x_wconf 85' lang='lat' dir='ltr'><em>superior</em></span> <span class='ocrx_word' id='word_1_104' title='bbox 701 2313 872 2414; x_wconf 87' lang='lat' dir='ltr'><em>evasurus</em></span> <span class='ocrx_word' id='word_1_105' title='bbox 891 2329 973 2390; x_wconf 86' lang='lat' dir='ltr'><em>uter</em></span> <span class='ocrx_word' id='word_1_106' title='bbox 994 2311 1097 2413; x_wconf 77' lang='lat' dir='ltr'><em>effet,</em></span> <span class='ocrx_word' id='word_1_107' title='bbox 1130 2340 1174 2390; x_wconf 89' lang='lat' dir='ltr'><em>ne</em></span> <span class='ocrx_word' id='word_1_108' title='bbox 1207 2329 1418 2390; x_wconf 89' lang='lat' dir='ltr'><em>cerneretur</em></span> <span class='ocrx_word' id='word_1_109' title='bbox 1426 2344 1443 2407; x_wconf 89' lang='lat'><em>;</em></span> <span class='ocrx_word' id='word_1_110' title='bbox 1476 2314 1594 2394; x_wconf 84' lang='lat' dir='ltr'><em>lorice</em></span> <span class='ocrx_word' id='word_1_111' title='bbox 1628 2331 1715 2394; x_wconf 84' lang='lat' dir='ltr'><em>totae</em></span> 
     </span>
     <span class='ocr_line' id='line_1_14' title="bbox 254 2433 1767 2552; baseline -0.001 -26"><span class='ocrx_word' id='word_1_112' title='bbox 254 2449 405 2552; x_wconf 75' lang='lat' dir='ltr'><em>disceffae</em></span> <span class='ocrx_word' id='word_1_113' title='bbox 455 2447 693 2542; x_wconf 88' lang='lat' dir='ltr'><em>deciderunt,</em></span> <span class='ocrx_word' id='word_1_114' title='bbox 740 2463 782 2522; x_wconf 87' lang='lat' dir='ltr'><em>at</em></span> <span class='ocrx_word' id='word_1_115' title='bbox 823 2447 998 2543; x_wconf 79' lang='lat' dir='ltr'><em>indufium</em></span> <span class='ocrx_word' id='word_1_116' title='bbox 1028 2433 1192 2547; x_wconf 86' lang='lat' dir='ltr'><em>sericum</em></span> <span class='ocrx_word' id='word_1_117' title='bbox 1222 2462 1366 2523; x_wconf 83' lang='lat' dir='ltr'><em>tratrem</em></span> <span class='ocrx_word' id='word_1_118' title='bbox 1411 2439 1509 2526; x_wconf 89' lang='lat' dir='ltr'><em>Oddo</em></span> <span class='ocrx_word' id='word_1_119' title='bbox 1557 2449 1714 2552; x_wconf 83' lang='lat' dir='ltr'><em>profuit,</em></span> <span class='ocrx_word' id='word_1_120' title='bbox 1765 2509 1767 2514; x_wconf 84' lang='lat'><em>.</em></span> 
     </span>
     <span class='ocr_line' id='line_1_15' title="bbox 259 2574 1716 2688; baseline -0.003 -28"><span class='ocrx_word' id='word_1_121' title='bbox 259 2583 398 2688; x_wconf 82' lang='lat' dir='ltr'><em>nequid</em></span> <span class='ocrx_word' id='word_1_122' title='bbox 419 2587 456 2658; x_wconf 91' lang='lat' dir='ltr'><em>ei</em></span> <span class='ocrx_word' id='word_1_123' title='bbox 494 2595 638 2656; x_wconf 90' lang='lat' dir='ltr'><em>noceret</em></span> <span class='ocrx_word' id='word_1_124' title='bbox 650 2609 668 2672; x_wconf 94' lang='lat'><em>,·</em></span> <span class='ocrx_word' id='word_1_125' title='bbox 716 2597 792 2658; x_wconf 91' lang='lat' dir='ltr'><em>tum</em></span> <span class='ocrx_word' id='word_1_126' title='bbox 816 2574 989 2686; x_wconf 88' lang='lat' dir='ltr'><em>Semingo</em></span> <span class='ocrx_word' id='word_1_127' title='bbox 1018 2581 1171 2658; x_wconf 90' lang='lat' dir='ltr'><em>vulnera</em></span> <span class='ocrx_word' id='word_1_128' title='bbox 1180 2581 1274 2681; x_wconf 89' lang='lat' dir='ltr'><em>sunt</em></span> <span class='ocrx_word' id='word_1_129' title='bbox 1296 2581 1466 2675; x_wconf 73' lang='lat' dir='ltr'><em>institia,</em></span> <span class='ocrx_word' id='word_1_130' title='bbox 1501 2579 1629 2686; x_wconf 84' lang='lat' dir='ltr'><em>quibus</em></span> <span class='ocrx_word' id='word_1_131' title='bbox 1655 2598 1716 2656; x_wconf 87' lang='lat' dir='ltr'><em>tu-</em></span> 
     </span>
     <span class='ocr_line' id='line_1_16' title="bbox 259 2710 1714 2816; baseline -0.002 -24"><span class='ocrx_word' id='word_1_132' title='bbox 259 2741 339 2792; x_wconf 91' lang='lat' dir='ltr'><em>men</em></span> <span class='ocrx_word' id='word_1_133' title='bbox 377 2713 559 2816; x_wconf 62' lang='lat' dir='ltr'><em>infredus</em></span> <span class='ocrx_word' id='word_1_134' title='bbox 585 2716 800 2812; x_wconf 83' lang='lat' dir='ltr'><em>permanfit,</em></span> <span class='ocrx_word' id='word_1_135' title='bbox 834 2715 943 2800; x_wconf 81' lang='lat' dir='ltr'><em>donec</em></span> <span class='ocrx_word' id='word_1_136' title='bbox 974 2718 1090 2790; x_wconf 88' lang='lat' dir='ltr'><em>omnis</em></span> <span class='ocrx_word' id='word_1_137' title='bbox 1112 2741 1197 2788; x_wconf 88' lang='lat' dir='ltr'><em>coro</em></span> <span class='ocrx_word' id='word_1_138' title='bbox 1227 2711 1271 2788; x_wconf 86' lang='lat' dir='ltr'><em>ab</em></span> <span class='ocrx_word' id='word_1_139' title='bbox 1297 2710 1420 2809; x_wconf 77' lang='lat' dir='ltr'><em>offlluc</em></span> <span class='ocrx_word' id='word_1_140' title='bbox 1448 2715 1533 2811; x_wconf 78' lang='lat' dir='ltr'><em>effet</em></span> <span class='ocrx_word' id='word_1_141' title='bbox 1558 2716 1714 2815; x_wconf 68' lang='lat' dir='ltr'><em>desec&#39;la5</em></span> 
     </span>
     <span class='ocr_line' id='line_1_17' title="bbox 227 2841 1713 2952; baseline 0.001 -30"><span class='ocrx_word' id='word_1_142' title='bbox 227 2913 231 2922; x_wconf 92' lang='lat'>.</span> <span class='ocrx_word' id='word_1_143' title='bbox 258 2841 383 2928; x_wconf 87' lang='lat' dir='ltr'><em>Oddus</em></span> <span class='ocrx_word' id='word_1_144' title='bbox 397 2853 439 2924; x_wconf 93' lang='lat' dir='ltr'><em>in</em></span> <span class='ocrx_word' id='word_1_145' title='bbox 456 2877 493 2925; x_wconf 92' lang='lat' dir='ltr'><em>eo</em></span> <span class='ocrx_word' id='word_1_146' title='bbox 510 2850 622 2925; x_wconf 88' lang='lat' dir='ltr'><em>locum</em></span> <span class='ocrx_word' id='word_1_147' title='bbox 634 2846 766 2925; x_wconf 90' lang='lat' dir='ltr'><em>nullum</em></span> <span class='ocrx_word' id='word_1_148' title='bbox 780 2847 850 2942; x_wconf 81' lang='lat' dir='ltr'><em>nist</em></span> <span class='ocrx_word' id='word_1_149' title='bbox 863 2861 1052 2922; x_wconf 88' lang='lat' dir='ltr'><em>cruentum</em></span> <span class='ocrx_word' id='word_1_150' title='bbox 1062 2847 1267 2946; x_wconf 87' lang='lat' dir='ltr'><em>conspexit,</em></span> <span class='ocrx_word' id='word_1_151' title='bbox 1284 2843 1329 2920; x_wconf 63' lang='grc' dir='ltr'><em>θ’</em></span> <span class='ocrx_word' id='word_1_152' title='bbox 1339 2871 1418 2922; x_wconf 93' lang='lat' dir='ltr'><em>cum</em></span> <span class='ocrx_word' id='word_1_153' title='bbox 1428 2873 1476 2922; x_wconf 93' lang='lat' dir='ltr'><em>ex</em></span> <span class='ocrx_word' id='word_1_154' title='bbox 1484 2851 1594 2925; x_wconf 83' lang='lat' dir='ltr'><em>&#39;venis</em></span> <span class='ocrx_word' id='word_1_155' title='bbox 1597 2849 1713 2952; x_wconf 85' lang='lat' dir='ltr'><em>sang·</em></span> 
     </span>
     <span class='ocr_line' id='line_1_18' title="bbox 255 2975 1712 3082; baseline -0.001 -25"><span class='ocrx_word' id='word_1_156' title='bbox 255 2985 319 3057; x_wconf 85' lang='lat' dir='ltr'><em>vis</em></span> <span class='ocrx_word' id='word_1_157' title='bbox 333 2979 883 3082; x_wconf 79' lang='lat' dir='ltr'><em>effluxeratomnis,fortiffiime</em></span> <span class='ocrx_word' id='word_1_158' title='bbox 897 2975 1080 3071; x_wconf 89' lang='lat' dir='ltr'><em>occubuit,</em></span> <span class='ocrx_word' id='word_1_159' title='bbox 1099 2978 1170 3056; x_wconf 77' lang='lat' dir='ltr'><em>&amp;e</em></span> <span class='ocrx_word' id='word_1_160' title='bbox 1183 2981 1333 3080; x_wconf 81' lang='lat' dir='ltr'><em>vestigio</em></span> <span class='ocrx_word' id='word_1_161' title='bbox 1350 2980 1564 3079; x_wconf 85' lang='lat' dir='ltr'><em>exspiravit.</em></span> <span class='ocrx_word' id='word_1_162' title='bbox 1585 2981 1712 3058; x_wconf 91' lang='lat' dir='ltr'><em>deinde</em></span> 
     </span>
     <span class='ocr_line' id='line_1_19' title="bbox 259 3103 1711 3217; baseline 0 -28"><span class='ocrx_word' id='word_1_163' title='bbox 259 3113 355 3189; x_wconf 90' lang='lat' dir='ltr'><em>alius</em></span> <span class='ocrx_word' id='word_1_164' title='bbox 361 3115 439 3214; x_wconf 85' lang='lat' dir='ltr'><em>post</em></span> <span class='ocrx_word' id='word_1_165' title='bbox 458 3113 567 3190; x_wconf 88' lang='lat' dir='ltr'><em>alium</em></span> <span class='ocrx_word' id='word_1_166' title='bbox 571 3113 746 3212; x_wconf 89' lang='lat' dir='ltr'><em>surrexit</em></span> <span class='ocrx_word' id='word_1_167' title='bbox 753 3140 770 3203; x_wconf 92' lang='lat'><em>;</em></span> <span class='ocrx_word' id='word_1_168' title='bbox 801 3115 927 3186; x_wconf 87' lang='lat' dir='ltr'><em>exitus</em></span> <span class='ocrx_word' id='word_1_169' title='bbox 940 3105 1063 3186; x_wconf 85' lang='lat' dir='ltr'><em>&#39;autem</em></span> <span class='ocrx_word' id='word_1_170' title='bbox 1086 3115 1239 3202; x_wconf 84' lang='lat' dir='ltr'><em>iceret,</em></span> <span class='ocrx_word' id='word_1_171' title='bbox 1282 3125 1325 3185; x_wconf 90' lang='lat' dir='ltr'><em>ut</em></span> <span class='ocrx_word' id='word_1_172' title='bbox 1351 3103 1470 3190; x_wconf 83' lang='lat' dir='ltr'><em>Oddus</em></span> <span class='ocrx_word' id='word_1_173' title='bbox 1491 3139 1609 3190; x_wconf 87' lang='lat' dir='ltr'><em>omnes</em></span> <span class='ocrx_word' id='word_1_174' title='bbox 1627 3132 1711 3217; x_wconf 85' lang='lat' dir='ltr'><em>pro·</em></span> 
     </span>
     <span class='ocr_line' id='line_1_20' title="bbox 247 3237 1711 3350; baseline -0.002 -26"><span class='ocrx_word' id='word_1_175' title='bbox 247 3247 433 3350; x_wconf 82' lang='lat' dir='ltr'><em>fligaret,·</em></span> <span class='ocrx_word' id='word_1_176' title='bbox 467 3261 544 3320; x_wconf 81' lang='lat' dir='ltr'><em>tunc</em></span> <span class='ocrx_word' id='word_1_177' title='bbox 560 3237 724 3320; x_wconf 72' lang='lat' dir='ltr'><em>anhelitu</em></span> <span class='ocrx_word' id='word_1_178' title='bbox 739 3243 841 3319; x_wconf 92' lang='lat' dir='ltr'><em>valde</em></span> <span class='ocrx_word' id='word_1_179' title='bbox 860 3237 1046 3332; x_wconf 83' lang='lat' dir='ltr'><em>laborans,</em></span> <span class='ocrx_word' id='word_1_180' title='bbox 1081 3255 1123 3314; x_wconf 91' lang='lat' dir='ltr'><em>at</em></span> <span class='ocrx_word' id='word_1_181' title='bbox 1136 3241 1426 3321; x_wconf 89' lang='lat' dir='ltr'><em>nonvulneribus</em></span> <span class='ocrx_word' id='word_1_182' title='bbox 1447 3247 1611 3344; x_wconf 74' lang='lat' dir='ltr'><em>offellus.¹</em></span> <span class='ocrx_word' id='word_1_183' title='bbox 1653 3247 1711 3336; x_wconf 51' lang='lat' dir='ltr'><em>deff</em></span> 
     </span>
    </p>
   </div>
   <div class='ocr_carea' id='block_1_3' title="bbox 257 3367 1842 3479">
    <p class='ocr_par' dir='ltr' id='par_1_3' title="bbox 257 3367 1842 3479">
     <span class='ocr_line' id='line_1_21' title="bbox 257 3367 1842 3479; baseline -0.001 -23"><span class='ocrx_word' id='word_1_184' title='bbox 257 3379 341 3456; x_wconf 86' lang='lat' dir='ltr'><em>inde</em></span> <span class='ocrx_word' id='word_1_185' title='bbox 358 3407 396 3454; x_wconf 93' lang='lat' dir='ltr'><em>eo</em></span> <span class='ocrx_word' id='word_1_186' title='bbox 416 3379 593 3469; x_wconf 90' lang='lat' dir='ltr'><em>divertit,</em></span> <span class='ocrx_word' id='word_1_187' title='bbox 621 3372 686 3453; x_wconf 89' lang='lat' dir='ltr'><em>nbi</em></span> <span class='ocrx_word' id='word_1_188' title='bbox 707 3370 914 3479; x_wconf 79' lang='lat' dir='ltr'><em>Angantyr</em></span> <span class='ocrx_word' id='word_1_189' title='bbox 938 3373 983 3448; x_wconf 57' lang='grc' dir='ltr'><em>ΕΤ</em></span> <span class='ocrx_word' id='word_1_190' title='bbox 1006 3367 1312 3475; x_wconf 81' lang='lat' dir='ltr'><em>Hia&#39;lmnrsecum</em></span> <span class='ocrx_word' id='word_1_191' title='bbox 1336 3377 1601 3475; x_wconf 77' lang='lat' dir='ltr'><em>conflixerant,</em></span> <span class='ocrx_word' id='word_1_192' title='bbox 1632 3394 1710 3455; x_wconf 90' lang='lat' dir='ltr'><em>tum</em></span> <span class='ocrx_word' id='word_1_193' title='bbox 1837 3461 1842 3472; x_wconf 59' lang='grc'><strong><em>,</em></strong></span> 
     </span>
    </p>
   </div>
   <div class='ocr_carea' id='block_1_4' title="bbox 253 3500 1711 4420">
    <p class='ocr_par' dir='ltr' id='par_1_4' title="bbox 253 3500 1711 3749">
     <span class='ocr_line' id='line_1_22' title="bbox 256 3500 1711 3614; baseline 0.001 -27"><span class='ocrx_word' id='word_1_194' title='bbox 256 3504 464 3614; x_wconf 79' lang='lat' dir='ltr'><em>Angantyr</em></span> <span class='ocrx_word' id='word_1_195' title='bbox 478 3510 679 3600; x_wconf 88' lang='lat' dir='ltr'><em>ceciderat,</em></span> <span class='ocrx_word' id='word_1_196' title='bbox 706 3508 778 3606; x_wconf 91' lang='lat' dir='ltr'><em>sed</em></span> <span class='ocrx_word' id='word_1_197' title='bbox 797 3500 973 3584; x_wconf 86' lang='lat' dir='ltr'><em>Hialmar</em></span> <span class='ocrx_word' id='word_1_198' title='bbox 991 3532 1126 3609; x_wconf 80' lang='lat' dir='ltr'><em>grume</em></span> <span class='ocrx_word' id='word_1_199' title='bbox 1140 3509 1293 3584; x_wconf 86' lang='lat' dir='ltr'><em>¹cuidam</em></span> <span class='ocrx_word' id='word_1_200' title='bbox 1318 3509 1483 3610; x_wconf 83' lang='lat' dir='ltr'><em>affidens,</em></span> <span class='ocrx_word' id='word_1_201' title='bbox 1521 3513 1711 3592; x_wconf 81' lang='lat' dir='ltr'><em>cadaveris</em></span> 
     </span>
     <span class='ocr_line' id='line_1_23' title="bbox 253 3631 1329 3749; baseline -0.005 -30"><span class='ocrx_word' id='word_1_202' title='bbox 253 3643 310 3722; x_wconf 82' lang='lat' dir='ltr'><em>ad</em></span> <span class='ocrx_word' id='word_1_203' title='bbox 320 3644 434 3741; x_wconf 87' lang='lat' dir='ltr'><em>instar</em></span> <span class='ocrx_word' id='word_1_204' title='bbox 441 3638 617 3749; x_wconf 90' lang='lat' dir='ltr'><em>pallebat,</em></span> <span class='ocrx_word' id='word_1_205' title='bbox 650 3667 729 3718; x_wconf 90' lang='lat' dir='ltr'><em>eum</em></span> <span class='ocrx_word' id='word_1_206' title='bbox 748 3655 836 3714; x_wconf 93' lang='lat' dir='ltr'><em>tunc</em></span> <span class='ocrx_word' id='word_1_207' title='bbox 856 3631 976 3717; x_wconf 87' lang='lat' dir='ltr'><em>Oddus</em></span> <span class='ocrx_word' id='word_1_208' title='bbox 992 3639 1158 3715; x_wconf 88' lang='lat' dir='ltr'><em>accedens</em></span> <span class='ocrx_word' id='word_1_209' title='bbox 1174 3643 1329 3715; x_wconf 81' lang='lat' dir='ltr'><em>cecinit.-</em></span> 
     </span>
    </p>

    <p class='ocr_par' dir='ltr' id='par_1_5' title="bbox 722 3763 1378 3874">
     <span class='ocr_line' id='line_1_24' title="bbox 722 3763 1378 3874; baseline 0.005 -26"><span class='ocrx_word' id='word_1_210' title='bbox 722 3765 840 3874; x_wconf 75' lang='lat' dir='ltr'><em>Qvid,</em></span> <span class='ocrx_word' id='word_1_211' title='bbox 870 3786 914 3847; x_wconf 91' lang='lat' dir='ltr'><em>tu</em></span> <span class='ocrx_word' id='word_1_212' title='bbox 933 3763 1131 3868; x_wconf 84' lang='lat' dir='ltr'><em>Hio&#39;lmar,</em></span> <span class='ocrx_word' id='word_1_213' title='bbox 1163 3767 1236 3854; x_wconf 86' lang='lat' dir='ltr'><em>tibi</em></span> <span class='ocrx_word' id='word_1_214' title='bbox 1248 3774 1378 3853; x_wconf 72' lang='lat' dir='ltr'><em>uocet?</em></span> 
     </span>
    </p>

    <p class='ocr_par' dir='ltr' id='par_1_6' title="bbox 716 3906 1053 4006">
     <span class='ocr_line' id='line_1_25' title="bbox 716 3906 1053 4006; baseline -0.012 -20"><span class='ocrx_word' id='word_1_215' title='bbox 716 3906 866 3986; x_wconf 89' lang='lat' dir='ltr'><em>colorem</em></span> <span class='ocrx_word' id='word_1_216' title='bbox 891 3907 1053 4006; x_wconf 80' lang='lat' dir='ltr'><em>nutristi,</em></span> 
     </span>
    </p>

    <p class='ocr_par' dir='ltr' id='par_1_7' title="bbox 719 4040 1025 4119">
     <span class='ocr_line' id='line_1_26' title="bbox 719 4040 1025 4119; baseline -0.007 -2"><span class='ocrx_word' id='word_1_217' title='bbox 719 4040 798 4117; x_wconf 90' lang='lat' dir='ltr'><em>dico</em></span> <span class='ocrx_word' id='word_1_218' title='bbox 831 4055 868 4119; x_wconf 89' lang='lat' dir='ltr'><em>te</em></span> <span class='ocrx_word' id='word_1_219' title='bbox 898 4041 1025 4118; x_wconf 84' lang='lat' dir='ltr'><em>multis</em></span> 
     </span>
    </p>

    <p class='ocr_par' dir='ltr' id='par_1_8' title="bbox 715 4167 1168 4274">
     <span class='ocr_line' id='line_1_27' title="bbox 715 4167 1168 4274; baseline -0.004 -23"><span class='ocrx_word' id='word_1_220' title='bbox 715 4167 924 4253; x_wconf 85' lang='lat' dir='ltr'><em>vulneribus</em></span> <span class='ocrx_word' id='word_1_221' title='bbox 963 4173 1168 4274; x_wconf 77' lang='lat' dir='ltr'><em>confellum,</em></span> 
     </span>
    </p>

    <p class='ocr_par' dir='ltr' id='par_1_9' title="bbox 703 4305 1137 4420">
     <span class='ocr_line' id='line_1_28' title="bbox 703 4305 1137 4420; baseline 0.005 -39"><span class='ocrx_word' id='word_1_222' title='bbox 703 4310 706 4318; x_wconf 78' lang='grc'><strong><em>’</em></strong></span> <span class='ocrx_word' id='word_1_223' title='bbox 716 4305 827 4411; x_wconf 71' lang='lat' dir='ltr'><em>galea</em></span> <span class='ocrx_word' id='word_1_224' title='bbox 859 4323 925 4383; x_wconf 87' lang='lat' dir='ltr'><em>tua</em></span> <span class='ocrx_word' id='word_1_225' title='bbox 955 4305 1137 4420; x_wconf 75' lang='lat' dir='ltr'><em>loricaque</em></span> 
     </span>
    </p>
   </div>
   <div class='ocr_carea' id='block_1_5' title="bbox 716 4437 1119 4634">
    <p class='ocr_par' dir='ltr' id='par_1_10' title="bbox 716 4423 1119 4634">
     <span class='ocr_line' id='line_1_29' title="bbox 716 4437 1119 4625; baseline -0.005 -109"><span class='ocrx_word' id='word_1_226' title='bbox 716 4439 802 4533; x_wconf 83' lang='lat' dir='ltr'><em>sunt</em></span> <span class='ocrx_word' id='word_1_227' title='bbox 833 4437 1003 4625; x_wconf 51' lang='lat' dir='ltr'><em>diſjielsse.</em></span> <span class='ocrx_word' id='word_1_228' title='bbox 1117 4456 1119 4462; x_wconf 84' lang='lat'>&#39;</span> 
     </span>
     <span class='ocr_line' id='line_1_30' title="bbox 948 4575 1032 4634; baseline 0 -8"><span class='ocrx_word' id='word_1_229' title='bbox 948 4628 951 4634; x_wconf 78' lang='grc'><strong>,</strong></span> <span class='ocrx_word' id='word_1_230' title='bbox 1011 4575 1032 4626; x_wconf 79' lang='lat' dir='ltr'><em>u</em></span> 
     </span>
    </p>
   </div>
   <div class='ocr_carea' id='block_1_6' title="bbox 302 4848 1652 4937">
    <p class='ocr_par' dir='ltr' id='par_1_11' title="bbox 302 4848 1652 4937">
     <span class='ocr_line' id='line_1_31' title="bbox 302 4848 1652 4937; baseline -0.007 -24"><span class='ocrx_word' id='word_1_231' title='bbox 302 4848 353 4915; x_wconf 73' lang='lat' dir='ltr'><em>ted</em></span> <span class='ocrx_word' id='word_1_232' title='bbox 368 4851 454 4913; x_wconf 54' lang='lat' dir='ltr'><em>levio</em></span> <span class='ocrx_word' id='word_1_233' title='bbox 468 4853 501 4916; x_wconf 81' lang='lat' dir='ltr'><em>in</em></span> <span class='ocrx_word' id='word_1_234' title='bbox 517 4867 598 4914; x_wconf 85' lang='lat' dir='ltr'><em>textu</em></span> <span class='ocrx_word' id='word_1_235' title='bbox 615 4850 887 4934; x_wconf 76' lang='lat' dir='ltr'><em>adhibitupcaestore</em></span> <span class='ocrx_word' id='word_1_236' title='bbox 900 4855 1032 4930; x_wconf 66' lang='lat' dir='ltr'><em>indetur,</em></span> <span class='ocrx_word' id='word_1_237' title='bbox 1057 4873 1144 4937; x_wconf 81' lang='lat' dir='ltr'><em>quum</em></span> <span class='ocrx_word' id='word_1_238' title='bbox 1157 4852 1269 4917; x_wconf 77' lang='lat' dir='ltr'><em>hubent</em></span> <span class='ocrx_word' id='word_1_239' title='bbox 1285 4855 1417 4916; x_wconf 82' lang='lat' dir='ltr'><strong>G.D.A.</strong></span> <span class='ocrx_word' id='word_1_240' title='bbox 1551 4851 1555 4860; x_wconf 89' lang='lat'>&#39;</span> <span class='ocrx_word' id='word_1_241' title='bbox 1581 4853 1585 4860; x_wconf 88' lang='lat'>&#39;</span> <span class='ocrx_word' id='word_1_242' title='bbox 1649 4857 1652 4864; x_wconf 87' lang='grc'><strong>’</strong></span> 
     </span>
    </p>
   </div>
   <div class='ocr_carea' id='block_1_7' title="bbox 0 0 2426 6296">
    <p class='ocr_par' dir='ltr' id='par_1_12' title="bbox 0 0 2426 6296">
     <span class='ocr_line' id='line_1_32' title="bbox 0 0 2426 6296; baseline 0 3"><span class='ocrx_word' id='word_1_243' title='bbox 0 0 2426 6296; x_wconf 95' lang='lat' dir='ltr'><em> </em></span> 
     </span>
    </p>
   </div>
  </div>
 </body>
</html>
