4842 6296
626 511 999 622 HERVARAR
1030 526 1217 614 SAGA.
1292 528 1485 614 ΜΝ(
1609 557 1713 646 ⁴⁶3

310 733 411 816 'e'rot
428 733 530 829 filiis·
542 725 749 838 Arngrirai
774 725 884 832 illac
904 737 986 830 iter,
1001 724 1318 834 persequendum,''·
1325 728 1412 830 jara
1423 729 1573 830 fratrer
1589 733 1778 832 confestim

328 861 584 948 Biartmarena'
608 871 771 944 cantitent
794 871 1029 958 conveniunt,
1075 859 1204 969 quibus
1225 859 1505 938 adventantibus
1520 891 1690 968 magnum
1708 885 1777 968 pa·

328 1019 393 1078 rat
408 1006 638 1091 convivium
671 1006 772 1076 inter
790 995 853 1074 boc
878 1000 1082 1074 convivium
1095 999 1210 1094 petiit
1232 988 1439 1097 Angantyr
1460 1021 1484 1067 a
1508 1005 1636 1074 comite
1657 999 1777 1093 filiam

318 1131 391 1234 fibi
404 1134 557 1224 elocare,
589 1133 633 1210 id
651 1132 746 1235 qvod
752 1131 923 1227 faciliter
939 1132 1155 1230 impetravit
1161 1181 1173 1219 ,
1207 1127 1391 1232 evestigio
1410 1130 1619 1203 convivium
1632 1135 1777 1210 aublutn

328 1269 394 1360 est,
427 1293 471 1340 ac
490 1290 610 1340 aarum
627 1267 763 1363 nuptia
783 1257 982 1354 celebrata,
1025 1241 1177 1364 quarunt
1201 1257 1392 1336 celebratio
1417 1259 1565 1358 mensem
1586 1261 1778 1342 dimidium

327 1396 495 1488 duravit,
528 1409 636 1498 atqve
649 1389 713 1470 boe
729 1395 885 1470 durante
908 1399 1073 1470 convivio
1096 1385 1303 1494 Angantyr
1325 1388 1370 1466 ὅ*
1392 1383 1512 1489 Suasa
1526 1393 1609 1484 filia
1629 1400 1776 1474 comitis

326 1533 368 1605 in
395 1521 537 1605 tboruna
559 1527 704 1603 carralem
716 1527 816 1626 sunt*
826 1527 1011 1627 perdulli,
1041 1527 1108 1626 sed
1131 1527 1296 1600 convivia
1312 1524 1461 1624 peralbo
1475 1524 1554 1616 filii
1569 1519 1780 1632 Arngrimi

326 1663 403 1738 iter
434 1661 485 1734 ad
512 1660 660 1760 insulam
689 1652 837 1738 Samum
873 1659 1154 1762 ingrediantur,
1206 1656 1250 1734 ἔθ’
1292 1655 1423 1733 ultima
1461 1658 1558 1732 noete
1584 1675 1778 1765 antequam

210 1837 213 1844 .
300 1789 542 1881 -abt'oerunt,
576 1788 989 1894 Angantyrisornnium
1024 1788 1180 1867 oblatum
1207 1791 1274 1885 est,
1322 1790 1418 1893 qvod·
1446 1793 1574 1868 cainiti
1599 1795 1776 1894 exposuit.

334 1919 508 2002 Videbam
529 1924 642 2012 dicit,
662 1940 732 2024 per
752 1927 908 2027 quietem
926 1948 989 1999 nos
997 1924 1144 2021 fratres
1157 1926 1197 1999 in
1222 1916 1331 1999 Sarno
1347 1923 1555 2016 constitutos
1572 1926 1705 2000 multas
1721 1924 1778 2006 ibi

326 2084 411 2134 aves
427 2061 592 2134 invenire
607 2054 652 2132 δί’
672 2079 788 2130 omnes
803 2055 979 2151 occidere,
1016 2055 1140 2130 deiude
1164 2047 1309 2133 obviari
1327 2050 1447 2147 nobis,
1487 2060 1528 2130 in
1559 2056 1670 2134 aliane
1689 2077 1777 2162 par·

255 2197 257 2202 ’
326 2207 399 2267 tem
414 2191 532 2286 infida
548 2188 738 2284 conoersts,
771 2188 858 2263 dnos
876 2187 1018 2292 aquilas
1030 2189 1151 2264 volare
1166 2188 1266 2280 via'i,
1301 2186 1345 2262 fa*
1366 2212 1421 2261 me
1444 2213 1523 2262 caena
1544 2190 1659 2266 altero
1680 2197 1778 2274 acri·

325 2337 385 2400 ter
402 2322 616 2424 confligere,
657 2335 848 2424 antequam
870 2320 965 2398 alter
988 2321 1144 2398 alterutra
1170 2319 1355 2416 occidendo
1377 2337 1539 2423 pugnant
1558 2319 1776 2423 absolverat,

322 2481 388 2532 nor
403 2450 503 2530 ambo
523 2453 747 2552 confidimus,
771 2453 815 2530 fl
838 2454 889 2528 ad
898 2458 1088 2558 quicquam
1110 2454 1262 2554 amplius
1282 2452 1457 2556 agendum
1480 2456 1579 2529 vires
1603 2481 1666 2531 nos
1693 2460 1775 2552 defi-

323 2584 478 2666 ciebant.
542 2580 659 2666 Alter
688 2586 810 2689 aqvila
840 2581 1121 2685 cumfratribus
1149 2585 1311 2662 undecim
1332 2583 1515 2659 decertare
1542 2583 1587 2660 ἔθ’
1601 2585 1775 2698 superior

323 2715 486 2797 omnibus
499 2718 648 2795 evadere
662 2714 865 2794 uidebatur.
905 2711 1193 2815 Hocfhmniam,
1219 2741 1332 2791 comes
1350 2721 1512 2818 reponit,
1533 2713 1674 2820 (utpote
1686 2723 1768 2824 pla·

283 2891 287 2898 ·
323 2852 512 2952 niffinanua)
527 2849 622 2928 nulla
638 2850 783 2954 indiget
800 2847 1076 2952 conjellatione,
1109 2877 1175 2956 quo
1193 2841 1373 2925 bominum
1394 2851 1616 2953 quorundam
1636 2851 1777 2932 occubi-

324 3001 382 3062 tus
398 2981 563 3083 tibifuit
575 2984 739 3081 ostensus,
771 2999 878 3087 atqve
896 3009 959 3058 uos
976 2986 1118 3079 fratres
1135 3007 1209 3056 rern
1225 2976 1318 3055 banc
1327 2987 1480 3092 propius
1495 2988 1682 3087 attingere
1698 3013 1772 3070 ere.
1876 3025 1881 3036 ·

253 3207 256 3212 y
291 3151 296 3160 ·
322 3117 364 3194 alo
371 3145 389 3208 ,⁰
406 3112 589 3219 negabant
607 3112 663 3188 illi
670 3094 757 3208 ‘fore
765 3165 778 3206 ‚
794 3130 837 3188 ut
845 3109 909 3190 boc
926 3119 1115 3206 timerent,
1131 3139 1249 3187 omnes
1253 3167 1264 3206 ‚
1280 3127 1391 3188 cantes
1398 3112 1587 3218 inquiebat
1591 3132 1695 3226 ,tuna
1708 3148 1771 3196 ex·

322 3249 468 3340 cedunt,
485 3273 563 3322 cnm
585 3244 736 3342 inflanti
757 3261 872 3321 morte
896 3261 1093 3338 uocantur,
1116 3238 1173 3320 bis
1198 3243 1518 3350 dilliscolloqoinrn
1544 3244 1769 3354 abrumpunt.

322 3374 520 3466 Finitoboc
529 3377 1163 3476 convivio,fratresdomurnredeunt‚
1180 3393 1221 3452 at
1232 3370 1438 3477 Soafhcurn
1449 3385 1576 3456 cornito
1586 3388 1766 3487 reaianstt.

190 3597 194 3611 ¹
322 3503 414 3613 Jam
432 3493 482 3583 ad
490 3508 664 3585 duellandi
684 3509 900 3610 congreffam
907 3509 950 3606 stt
958 3523 1097 3608 parant
1105 3561 1117 3600 ,
1136 3525 1249 3608 pater
1268 3536 1325 3583 eos
1338 3511 1388 3584 ad
1404 3537 1529 3586 navem
1537 3515 1770 3618 prosequeba.

321 3633 402 3738 tur,
422 3641 467 3719 o’
483 3667 587 3718 arma
603 3643 742 3718 eximia
758 3638 830 3717 illis
846 3640 962 3732 dedat,
979 3637 1023 3716 fit*
1041 3638 1126 3741 ense·
1144 3633 1767 3746 Tyrfingo*Angantyremdonaoiss

1581 3780 1705 3875 ¹eredo,

319 3953 1485 3977 -nn——ssmwu--n--n—-n
1492 3957 1768 3980 unm-nn..-

289 4067 398 4148 ,(ᾼγ)
420 4065 511 4126 Rikrn
534 4083 644 4126 manna
662 4065 695 4124 B.
711 4063 746 4125 C.
761 4063 794 4126 F.
809 4059 1006 4126 E.H.K.i.e.
1055 4081 1057 4086 ’
1118 4060 1159 4124 ok
1180 4057 1275 4124 komu
1298 4065 1332 4124 til
1354 4063 1526 4144 Somseyer,
1563 4059 1594 4124 h.
1613 4084 1636 4124 e.
1659 4063 1765 4160 deinde

313 4161 316 4166 ’
364 4167 721 4246 hominum'potentium.
1118 4164 1221 4228 fratres
1236 4165 1374 4228 obierunt
1397 4164 1430 4230 &
1450 4169 1484 4230 in
1498 4167 1622 4228 Samum
1645 4167 1765 4232 devene-

285 4321 291 4332 .
319 4273 389 4357 (μ)
411 4272 467 4332 His
475 4285 599 4350 qvatuor
608 4271 775 4333 commedit
789 4285 889 4334 curent
903 4268 1005 4332 omnia
1117 4285 1198 4332 runt.
1813 4359 1814 4362 Ἴ

363 4389 472 4434 cetera,
1073 4371 1141 4456 (5b)
1165 4371 1232 4432 Hoc
1241 4371 1404 4435 commetio
1413 4375 1557 4439 cattum.
1575 4375 1607 4436 Β.
1623 4373 1658 4438 C.
1674 4376 1713 4439 D.
1727 4379 1760 4440 F.

318 4477 391 4564 (5⁶)
411 4479 481 4538 Haec
513 4473 615 4538 omnio
640 4471 784 4541 omittunt
801 4457 838 4539 E:
854 4479 895 4539 Η.
915 4471 953 4540 K.
972 4469 1004 4539 ἅ
1117 4475 1152 4534 G.
1167 4475 1196 4534 1:
1213 4475 1245 4538 Gt
1269 4475 1333 4553 ejus
1356 4480 1423 4538 loco
1444 4479 1554 4539 habent
1567 4473 1763 4561 hocstqvena,

351 4581 426 4665 solli
454 4579 519 4642 rlko
542 4603 644 4642 manne
682 4581 852 4644 immediate
882 4577 1005 4658 subjun-
1117 4575 1157 4644 ok
1173 4578 1230 4660 gaf
1237 4580 1279 4667 pb
1297 4577 1404 4646 sverdit
1418 4583 1448 4646 T
1448 4582 1550 4666 yrfing
1564 4579 1739 4667 Angmtyr.

361 4703 457 4766 guoti
491 4683 582 4750 siden
609 4683 679 4749 fotu
705 4683 772 4774 peir
788 4681 897 4776 ¹brede
922 4683 1005 4752 brott
