4842 6296
526 574 917 672 HERVARAR
956 559 1163 668 salta(
1209 575 1429 670 cantu
1574 605 1646 698 49.

700 771 802 867 uera'
813 781 947 882 saltem¹
977 779 1044 879 effe
1075 767 1240 880 conjicio,

600 915 604 922 ’
701 938 782 1023 que
788 934 859 1017 pec
876 919 1034 1022 quictem
1050 911 1171 992 oblata
1193 907 1401 1014 milisunt,

702 1041 763 1124 lic
793 1070 879 1124 meae
893 1049 996 1146 sorti
1026 1075 1097 1127 uon
1128 1047 1321 1157 etquiefio,

702 1193 861 1285 tempore
885 1181 1070 1283 prasenti.

739 1495 742 1504 ,
807 1416 957 1523 CAP.
1013 1417 1125 1524 Vll.
1180 1501 1184 1512 .

237 1581 385 1741 Postea
405 1643 457 1721 ad
474 1637 674 1722 abeundum
684 1645 851 1746 fesulam
862 1649 1044 1748 paravit,
1087 1643 1134 1721 θ’
1162 1641 1311 1740 virilem
1336 1635 1501 1722 lobe'turu
1526 1637 1705 1753 armaque'

228 1780 375 1882 firment
390 1805 427 1854 eo
443 1779 648 1872 contendit,
681 1777 744 1856 ubi
757 1783 892 1882 pirata
913 1777 1074 1856 nonnuli
1096 1779 1261 1874 aderant,
1334 1771 1431 1856 Tum
1459 1771 1696 1858 Hervardurn

234 1915 272 2014 fi*
284 1914 480 2015 salutans,
496 1911 624 1988 iisdem
645 1918 810 1988 comitem
836 1915 987 1989 itineris
996 1913 1042 2011 se
1060 1908 1259 2020 refforuit,
1275 1927 1385 2018 atqve
1399 1912 1508 2012 paulo
1518 1915 1596 2014 poll
1621 1913 1699 1990 dux

234 2050 448 2148 piratarum
467 2043 624 2141 deceffit,
657 2042 702 2121 ὃ*
717 2043 780 2121 ila
793 2049 906 2146 copiis
922 2049 1101 2150 imperare
1125 2050 1239 2147 cepit.
1304 2035 1383 2122 Hic
1400 2023 1488 2146 jam
1510 2037 1697 2124 Hio'rvar·

238 2180 303 2255 dus
315 2179 390 2254 late
397 2197 469 2280 per
494 2194 616 2254 terras
631 2204 735 2254 arma
759 2177 1007 2271 circumtulit,
1033 2181 1093 2284 fac
1117 2175 1169 2253 al
1187 2171 1355 2270 ultimum
1379 2182 1421 2255 in
1449 2171 1600 2257 Samum
1619 2183 1697 2258 iter

237 2315 285 2410 est
297 2314 520 2414 persecutus,
553 2311 598 2389 δ’
612 2317 839 2415 cumpiratae
852 2329 1002 2413 portum
1015 2315 1272 2405 intraverant,
1297 2317 1416 2414 petiit
1442 2339 1466 2386 a
1474 2314 1561 2412 sais
1582 2305 1695 2389 Hurss

237 2446 391 2544 cardum
421 2462 464 2522 ut
485 2451 527 2524 in
544 2447 697 2544 insulam
722 2446 968 2548 aescenderet,
1006 2447 1160 2549 affluens
1185 2445 1363 2547 conjicere
1369 2446 1431 2546 se,
1472 2449 1514 2521 in
1543 2447 1695 2522 tumulis

237 2581 303 2680 effe
314 2584 487 2679 pecunias
501 2581 776 2680 exspetlandas,·
808 2607 928 2658 omnes
944 2586 1092 2656 comites
1108 2577 1331 2683 obloquentes
1342 2579 1489 2670 dicunt,
1522 2577 1605 2653 adeo
1618 2605 1695 2652 ma·
1794 2587 1800 2597 “

235 2711 356 2818 lignos
370 2715 498 2818 genios
512 2707 568 2788 ibi
585 2718 684 2788 omui
702 2713 760 2788 die
777 2714 960 2816 gruffuni,
1000 2728 1042 2787 ut
1062 2712 1125 2787 diu
1150 2707 1281 2786 ibidem
1303 2707 1412 2811 pejus
1442 2737 1550 2815 qvam
1566 2711 1692 2812 pafflm

235 2843 328 2926 alili
351 2847 454 2922 notia
474 2861 719 2947 comparatum
740 2847 849 2946 efflet,
891 2862 1013 2922 tamen
1043 2845 1168 2921 ultimi
1196 2849 1431 2945 impetratum
1454 2846 1519 2938 est,
1562 2861 1605 2920 ut
1627 2871 1694 2947 au·

236 2973 351 3054 clorce
355 2978 596 3078 jacerentur,
629 2997 673 3054 ut
689 3008 728 3056 eo
743 2981 814 3057 loci
828 2951 933 3056 uollu
959 2983 999 3056 iu
1020 2955 1187 3054 anchoris
1201 2974 1388 3078 jacerent.
1458 2969 1693 3056 Hi'o'rvardus
1817 3035 1821 3046 ,

237 3127 358 3187 autem
378 3115 571 3214 navigium
581 3111 727 3211 sumstt,
761 3111 867 3187 &ad
880 3110 1123 3186 contineritem
1139 3114 1335 3212 remigans,
1352 3108 1533 3184 occidente
1544 3111 1622 3211 stole
1649 3114 1692 3188 iu

236 3239 476 3346 Muaarvogo
490 3243 640 3342 appulit.
708 3234 852 3320 Deinde
875 3247 918 3317 in
931 3257 1071 3316 terram
1087 3243 1267 3344 iugreffau
1286 3233 1519 3318 inhominem
1544 3244 1690 3338 incidit,

236 3383 302 3484 qvi
330 3401 482 3480 gregem
510 3375 728 3471 custodiuit,
782 3374 837 3450 illi
862 3375 984 3473 secum
1014 3373 1226 3478 aliquandiu
1260 3373 1507 3480 colloquuntur
1516 3405 1540 3469 ,·2
1582 3371 1692 3455 Num

237 3528 299 3603 tu,
343 3513 485 3608 reponit
502 3506 584 3608 ¹ile,
624 3533 745 3583 rerum
762 3507 885 3608 insulae
900 3499 1009 3605 lrcjus
1044 3531 1081 3581 es
1108 3509 1294 3610 ignarus?
1332 3525 1442 3612 atqve
1470 3536 1605 3584 mecum
1634 3511 1694 3586 do·

235 3671 332 3721 mum
364 3635 585 3740 arnlulalis,
629 3633 689 3715 hic
713 3644 809 3715 enim
837 3640 915 3741 post
939 3638 1031 3740 stolis
1070 3640 1228 3739 occasum
1240 3641 1343 3739 foris
1368 3641 1511 3740 uersari
1525 3642 1696 3741 feliciter

232 3775 392 3875 [raecedit
405 3777 561 3868 reamini,
587 3800 699 3878 qnare
715 3773 854 3848 domum
877 3776 950 3848 cito
970 3797 1025 3847 me
1041 3772 1249 3871 confinem
1280 3773 1339 3849 dic
1367 3768 1477 3867 mili,
1513 3774 1694 3876 respoudit

236 3903 487 4005 Hitrvardus,
520 3904 667 3984 ubinam
685 3899 892 3985 Hi'o'rvardi
906 3904 1298 4010 tumuliappelleutur?
1330 3933 1390 3985 res
1418 3921 1508 4002 tua,
1550 3913 1693 4014 regerit

238 4347 312 4431 (yx)
336 4342 387 4404 ok
400 4343 458 4424 gele
475 4363 536 4422 upp
557 4345 573 4404 l
590 4363 666 4424 eyna
687 4365 747 4404 naer
770 4342 850 4404 solor
867 4341 930 4422 glo·
1042 4343 1186 4424 usquead
1203 4347 1337 4406 carmina
1359 4345 1396 4408 de
1413 4349 1564 4426 colloquio
1582 4349 1694 4410 Hervo'·

225 4491 231 4500 ·
281 4449 340 4510 dan
356 4449 389 4509 F.
410 4451 450 4509 H·
468 4449 487 4507 i.
504 4469 528 4507 e.
554 4445 587 4510 ἃ
608 4447 696 4527 super
716 4447 845 4508 insulam
870 4467 932 4507 an}-
1045 4465 1085 4506 τε
1113 4467 1183 4508 cum
1209 4447 1325 4526 pastore
1351 4449 1469 4512 addunt
1493 4452 1528 4513 E.
1552 4452 1609 4524 H„
1639 4469 1695 4532 qva

280 4553 488 4614 bulavitcirca
505 4551 575 4614 solis
602 4568 714 4612 ortum.
1044 4553 1391 4620 ommacoetmaccrent.

235 4663 309 4746 (qr)
332 4663 447 4726 Totam
469 4657 547 4724 hone
578 4657 733 4722 historiam
764 4657 930 4749 pmlaicam
954 4748 993 4827 G
